
<!DOCTYPE html>
<html>
<head>
    
    <script id="Cookiebot" src="https://consent.cookiebot.com/uc.js" data-cbid='33674a8c-6191-434b-b932-692483e4f6c4' data-blockingmode="auto" type="text/javascript"></script>

    
    <style>
        .async-hide {
            opacity: 0 !important
        }
    </style>
    <script>
        (function(a,s,y,n,c,h,i,d,e){s.className+=' '+y;h.start=1*new Date;
            h.end=i=function(){s.className=s.className.replace(RegExp(' ?'+y),'')};
            (a[n]=a[n]||[]).hide=h;setTimeout(function(){i();h.end=null},c);h.timeout=c;
        })(window,document.documentElement,'async-hide','dataLayer',4000,
            {GTM-TBKVG8R: true});
    </script>


    
    <script src="https://www.googleoptimize.com/optimize.js?id=GTM-TBKVG8R"></script>


    <meta charset="utf-8" />
    <meta name="apple-itunes-app" content="app-id=903888629">
    <meta name="description" content="Maisto ir kitų kasdienių prekių parduotuvė internete." />
    <meta name="og:description" content="Maisto ir kitų kasdienių prekių parduotuvė internete." />
    <meta name="og:type" content="website" />
    <meta name="og:title" content="BARBORA internetinė parduotuvė" />
    <meta name="og:sitename" content="Barbora" />



        <meta name="facebook-domain-verification" content="19ljatf5u9i2dlkrt4sqjawoeo8qdb" />

    





    <link rel="image_src" href="/Assets/Images/logo-square.png" />


        <meta name="og:image" content="/Assets/Images/logo-square.png" />

    <link rel="shortcut icon" href="/Assets/Images/favicon.ico" />
    <meta name="viewport" content="width=device-width, initial-scale=1.0, maximum-scale=1.0, user-scalable=no" />
    <meta http-equiv="X-UA-Compatible" content="IE=edge">
    <link href="https://fonts.googleapis.com/css?family=Open+Sans:400,600,700&subset=latin,latin-ext" rel="stylesheet" type="text/css">

    

    <link rel="stylesheet" type="text/css" href="/Assets/Styles/main.css?v=174.3247" />

    <title>BARBORA internetinė parduotuvė</title>

    <script type="text/javascript">
        window.currentPage = "allPages";
    </script>

    <script type="text/javascript">
        function showNetworkErrorAlert() {
            alert('Paskutinis veiksmas nepavyko. Pabandykite dar kartą arba perkraukite puslapį.');
        }
    </script>

    <script type="text/javascript" onerror="showNetworkErrorAlert()" src="/shared/translationsasscript?languageId=e8d3e291-bb2e-47e6-a827-a2189b00a441"></script>



<script type="text/javascript">
        if (!document.location.origin) {
            document.location.origin = document.location.protocol + "//" + document.location.hostname + (document.location.port ? ':' + document.location.port : '');
        }
        // these are needed in order not to have to hardcode urls in JavaScript
        // and to be able to change route names and not to break links

        window.b_urls = {
            home: "/",
            cart: "/krepselis",
            search: "/paieska",
            searchSuggestions: "/paieskos-pasiulymai",
            product: "/produktai",
            timeslots: "/pristatymas",
            payment: "/atsiskaitymas",
            userInfoNew: "/mano-duomenys",
            eShopApiBaseUrl: document.location.origin + "/api/eshop/v1/",
            popUpCampaignImageUrlTemplate: document.location.origin + "/api/images/GetPopUpCampaignImage?id=",
            recommendations: "/rekomendacijos",
            recipes: "receptai",
            cookieConsent: "javascript: CookieConsent.renew()",
            login: "/prisijungti",
            register: "/registruotis",
            remindPassword: "/priminti-slaptazodi",
            paymentSuccess: "/payment/paymentsuccess",
            paymentFailure: "/payment/paymentfailure",
            paymentPartialSuccess: "/payment/paymentpartialsuccess",
            paymentsServiceBaseUrl: "https://production-elb.barbora.lt/payments/adyen/api/v1",
            addressesServiceBaseUrl: " https://production-elb.barbora.lt/advanced-addresses/api/v1",
            service: "/no_translation_found_e5a50db9-e3e7-4a84-b1c8-4266f4baae93",
            expressDeliveryCardsBaseUrl: "#{ExpressDeliveryCardsBaseUrl}",
        };

    window.b_data = {
            isMainEShop: "True".toLowerCase() == "true",
            clientHostId: "133",
            versionNumber: "v174.3247",
            companyNameFull: "UAB „Barbora“",
            companyName: "Barbora",
            enviromentLocation: "LT",
            enviroment: "PRD",
            loyaltyCardInfoLink: "https://www.maxima.lt/aciu",
            customerSupportEmail: "pagalba@barbora.lt",
            customerSupportPhone: "(8 5) 230 9309",
            androidAppDownloadLink: "https://play.google.com/store/apps/details?id=lt.barbora",
            iOsAppDownloadLink: "https://itunes.apple.com/us/app/appname/id903888629?ls=1&amp;mt=8",
            socialLinks: [{"name":"fb-badge","link":"https://www.facebook.com/BarboraLietuvoje"},{"name":"inst-badge","link":"https://www.instagram.com/barbora.lt"},{"name":"linkedin-badge","link":"https://www.linkedin.com/company/barbora"},{"name":"yt-badge","link":"https://www.youtube.com/channel/UCmJSZ6m1bE0HBVABg0FMSAA"}] || [],
            customerDataRouteName: "mano-duomenys",
            TranslationsPlaceholderMatchingRegex: "{([0-9])+:(.+?)}",
            authCookieName: ".BRBAUTH",
            javaScriptTimeoutMilliseconds: 30000,
            urlMainDomain: "barbora.lt",
            mainDonationsCategoryId: "e1bf074e-b5bc-403f-aaf6-775cb4f545f4",
            donationsUrlFragment: "aukojimas",
            deliveryMethodType: {"Address":1,"Locker":2,"PickupPoint":3,"DriveIn":4},
            couponTypes: {"FlatDiscount":1,"FreeDelivery":2,"PercentageDiscount":3,"GiftCoupon":4},
            enviromentLocations: {"Lithuania":"LT","Latvia":"LV","Estonia":"EE","Poland":"PL"},
            recipesRecommendationsCategoryId: "9daad16a-8e7f-4b24-9e79-faf8af9055c9",
            recipesSlugToIgnore: "kategorija",
            shouldShowRecipes: "True",
            shouldShowExpressDeliveryZones: "False",
            shouldShowDriveInCameraPartial: false,
            isCentralEshopClientUrl: true,
            currentRegion: {"Id":1,"Name":"Barbora","Url":"https://barbora.lt","GAKey":"UA-45214439-1","IsCurrentEShopRegion":true,"IsEnabled":true,"Type":"Main","CustomerSupportPhoneNo":"(8 5) 230 9309","IsHomeDeliveryAvailable":true,"ShortId":"LT_MAIN_WEB"},
            showCustomerCouponsModal: "False".toLowerCase() == "true",
            shouldShowRefactoredCoupons: "False".toLowerCase() == "true",
            currencySymbol: "€",
            isInfoPageStandalone: "False".toLowerCase() === "true",
            selectedLanguageData: {
                id: "e8d3e291-bb2e-47e6-a827-a2189b00a441".toLowerCase(),
                name: "Lietuvių",
                shortName: "LT"
            },
            availableLanguages: [{"Id":"e8d3e291-bb2e-47e6-a827-a2189b00a441","Name":"Lietuvių","CultureName":"lt-LT","IsDefault":true,"PositionNumber":1,"ShortName":"LT","AvailableForAdmin":true,"AvailableForWeb":true},{"Id":"1595dc26-9ecc-4c7d-b26e-badffc19c6b5","Name":"English","CultureName":"en","IsDefault":false,"PositionNumber":2,"ShortName":"EN","AvailableForAdmin":true,"AvailableForWeb":true},{"Id":"909b6b59-bf29-497c-80e4-1c844f1849c7","Name":"Русский","CultureName":"ru","IsDefault":false,"PositionNumber":3,"ShortName":"RU","AvailableForAdmin":true,"AvailableForWeb":true}],
            featureFlagRegistrationConfirmation: "false",
            emailRegex: "^[a-zA-Z0-9_.+-]+@(?!\\.)(?!.*?\\.\\.)(?!.*\\.$)[a-zA-Z0-9-]+\\.(?!\\.)(?!.*?\\.\\.)(?!.*\\.$)[a-zA-Z0-9-.]+$",
            phoneNumberRegex: "^(\\+(43|32|357|420|45|372|358|33|49|30|36|353|39|371|370|352|356|31|48|351|421|386|34|46|44|47|41|380))(\\d{7,15})$",
            isEshopRegionSelectEnabled: "False".toLowerCase() === "true",
        };

        window.b_user_info = null;

        window.b_js_routes = [{"RouteName":"customerDataChangePhone","Url":"NO_TRANSLATION_FOUND_c31d2379-124a-4b2b-8b35-6abb9a27a4ce","ControllerName":null,"ActionName":null,"SequenceInRouting":0,"Active":true,"IsReactRoute":false},{"RouteName":"customerDataPagesList","Url":"/","ControllerName":null,"ActionName":null,"SequenceInRouting":41,"Active":true,"IsReactRoute":false},{"RouteName":"customerDataAddressList","Url":"/prekiu-pristatymo-adresai","ControllerName":null,"ActionName":null,"SequenceInRouting":42,"Active":true,"IsReactRoute":false},{"RouteName":"customerDataAddressEdit","Url":"/prekiu-pristatymo-adresai/:id","ControllerName":null,"ActionName":null,"SequenceInRouting":43,"Active":true,"IsReactRoute":false},{"RouteName":"customerDataAddressAdd","Url":"/prekiu-pristatymo-adresai/prideti-adresa","ControllerName":null,"ActionName":null,"SequenceInRouting":44,"Active":true,"IsReactRoute":false},{"RouteName":"customerDataOrderHistory","Url":"/pirkimu-istorija","ControllerName":null,"ActionName":null,"SequenceInRouting":45,"Active":true,"IsReactRoute":false},{"RouteName":"customerDataAciuCard","Url":"/mano-aciu-kortele","ControllerName":null,"ActionName":null,"SequenceInRouting":46,"Active":true,"IsReactRoute":false},{"RouteName":"customerDataUserSettings","Url":"/vartotojo-nustatymai","ControllerName":null,"ActionName":null,"SequenceInRouting":47,"Active":true,"IsReactRoute":false},{"RouteName":"customerDataChangePassword","Url":"/vartotojo-nustatymai/keisti-slaptazodi","ControllerName":null,"ActionName":null,"SequenceInRouting":49,"Active":true,"IsReactRoute":false},{"RouteName":"customerDataOrderHistoryDetails","Url":"/pirkimu-istorija/:id","ControllerName":null,"ActionName":null,"SequenceInRouting":50,"Active":true,"IsReactRoute":false},{"RouteName":"customerDataSavedBaskets","Url":"/ruosiniai","ControllerName":null,"ActionName":null,"SequenceInRouting":51,"Active":true,"IsReactRoute":false},{"RouteName":"customerDataPaymentCards","Url":"/mokejimo-korteles","ControllerName":null,"ActionName":null,"SequenceInRouting":52,"Active":true,"IsReactRoute":false},{"RouteName":"customerDataSavedBasketsItem","Url":"/ruosiniai/:id","ControllerName":null,"ActionName":null,"SequenceInRouting":53,"Active":true,"IsReactRoute":false},{"RouteName":"customerDataCoupons","Url":"/kuponai","ControllerName":null,"ActionName":null,"SequenceInRouting":58,"Active":true,"IsReactRoute":false}];

        window.b_js_urls = {};
        window.b_js_routes.forEach(function(route) {
        window.b_js_urls[route.RouteName] = window.b_urls.userInfoNew + route.Url;
        });

        window.b_react_routes = [{"RouteName":"recipesRecipe","Url":"/kategorija/:categoryUrlSlug/:recipeUrlSlug","ControllerName":null,"ActionName":null,"SequenceInRouting":67,"Active":true,"IsReactRoute":true},{"RouteName":"recipesCategory","Url":"/kategorija/:categoryUrlSlug","ControllerName":null,"ActionName":null,"SequenceInRouting":68,"Active":true,"IsReactRoute":true},{"RouteName":"recipesSavedRecipe","Url":"/issaugoti-receptai/:recipeUrlSlug","ControllerName":null,"ActionName":null,"SequenceInRouting":69,"Active":true,"IsReactRoute":true},{"RouteName":"recipesSaved","Url":"/issaugoti-receptai","ControllerName":null,"ActionName":null,"SequenceInRouting":70,"Active":true,"IsReactRoute":true},{"RouteName":"recipesSearch","Url":"/paieskos-rezultatai","ControllerName":null,"ActionName":null,"SequenceInRouting":71,"Active":true,"IsReactRoute":true}];

        window.b_info_pages = [{"Id":1,"Title":"Pirkimas","InfoPages":[{"Id":"c3f88428-2e51-4530-8f0a-0256ba2f3d5d","Title":"Pirkimo - pardavimo taisyklės","Url":"pirkimo-pardavimo-taisykles","AltUrl":null,"InfoPageCategoryId":1},{"Id":"c086c828-f73c-4abc-8839-c098dac3ed86","Title":"Akcijų ir žaidimų taisyklės","Url":"akciju-zaidimu-taisykles","AltUrl":null,"InfoPageCategoryId":1},{"Id":"7eb35834-8e05-43c9-b5ba-6609877e5cc7","Title":"Kuponų taisyklės","Url":"kuponu-taisykles","AltUrl":null,"InfoPageCategoryId":1},{"Id":"ce0009e1-ba4f-4815-b2dc-7287f4b54c0e","Title":"Atsiskaitymas","Url":"atsiskaitymas","AltUrl":null,"InfoPageCategoryId":1},{"Id":"e0e7a022-d2e0-4510-9e49-3c7e6ebd71f8","Title":"Pakaitalų naudojimas","Url":"pakaitalu-naudojimas","AltUrl":null,"InfoPageCategoryId":1},{"Id":"e598b66c-1855-4df1-9a0c-21867d067913","Title":"Mano prekės","Url":"mano-prekes","AltUrl":null,"InfoPageCategoryId":1}]},{"Id":2,"Title":"Pristatymas","InfoPages":[{"Id":"4bb5875d-fa0f-4da8-b6d7-86ec8ed1857f","Title":"Prekių pristatymas","Url":"prekiu-pristatymas","AltUrl":null,"InfoPageCategoryId":2},{"Id":"4c37a9cb-d41a-4d60-b9c6-f5048eb49f7a","Title":"Aptarnaujamos teritorijos","Url":"aptarnaujamos-teritorijos","AltUrl":null,"InfoPageCategoryId":2},{"Id":"56837bfb-803f-4145-befe-8a89ace986a4","Title":"Pirkinių stotelių vietos","Url":"pirkiniu-stoteliu-vietos","AltUrl":null,"InfoPageCategoryId":2},{"Id":"601cabad-87c0-4f78-b01d-82f55614f29b","Title":"Svarbi informacija","Url":"svarbi-informacija","AltUrl":null,"InfoPageCategoryId":2}]},{"Id":3,"Title":"Bendra informacija","InfoPages":[{"Id":"e9ba8932-22e9-4e97-91de-060d503cecb6","Title":"Prekių grąžinimas","Url":"prekiu-grazinimas","AltUrl":null,"InfoPageCategoryId":3},{"Id":"d18764ba-094a-4c9f-95ce-9a800f142f5c","Title":"Produktų kokybės užtikrinimas","Url":"produktu-kokybes-uztikrinimas","AltUrl":null,"InfoPageCategoryId":3},{"Id":"1e9df8b4-70f3-438c-b2ea-ae8eb01b93cf","Title":"Dažniausiai užduodami klausimai","Url":"duk","AltUrl":null,"InfoPageCategoryId":3},{"Id":"f66cde9d-49c9-4f28-a5aa-ce7e83a2c5e8","Title":"Prekių išdėstymas","Url":"prekiu-isdestymas","AltUrl":null,"InfoPageCategoryId":3},{"Id":"c9b39b69-136d-449a-8199-b033b4b2f323","Title":"AČIŪ paskyros taisyklės","Url":"aciu-paskyros-taisykles","AltUrl":null,"InfoPageCategoryId":3},{"Id":"6eb2d217-2b35-43d3-ab0b-9b4d855dd7b6","Title":"Prekių pakavimas","Url":"prekiu-pakavimas","AltUrl":null,"InfoPageCategoryId":3}]},{"Id":4,"Title":"BARBORA","InfoPages":[{"Id":"f3ef0d75-b2f1-4681-98df-506b8d4cd4c2","Title":"Karjera","Url":"karjera","AltUrl":"https://karjera.barbora.lt/","InfoPageCategoryId":4},{"Id":"25d98742-6ae6-4fb4-ad56-8f736d760a41","Title":"Mobilioji programėlė","Url":"mobili-aplikacija","AltUrl":null,"InfoPageCategoryId":4},{"Id":"7a0a3486-bca4-40e9-8db2-5bfe8d62952b","Title":"Privatumo politika","Url":"privatumo-politika","AltUrl":null,"InfoPageCategoryId":4},{"Id":"87c48be0-cc39-4dd5-8b10-6187bb78484b","Title":"BARBORA BONUS","Url":"barbora-bonus","AltUrl":null,"InfoPageCategoryId":4},{"Id":"f0447346-2dea-4e00-b93b-153fc6a2889c","Title":"Socialinė atsakomybė","Url":"korupcijos-prevencija","AltUrl":null,"InfoPageCategoryId":4}]}] || [];
        if (window.b_info_pages.length > 0)
        {
        window.b_info_pages.map(function(cols) {
        return cols.InfoPages.map(function(page) {
        var urlString = "/info/urltoreplace";
        return Object.assign(page, { FullUrl: urlString.replace("urltoreplace", page.Url)})
        });
        });
        }
</script>

    <script type="text/javascript">
        // google analytics
        (function (i, s, o, g, r, a, m) {
        i['GoogleAnalyticsObject'] = r; i[r] = i[r] || function () {
        (i[r].q = i[r].q || []).push(arguments)
        }, i[r].l = 1 * new Date(); a = s.createElement(o),
        m = s.getElementsByTagName(o)[0]; a.async = 1; a.src = g; m.parentNode.insertBefore(a, m)
        })(window, document, 'script', '//www.google-analytics.com/analytics.js', 'ga');

        ga("create", "UA-45214439-1", "auto", { allowLinker: true });

        ga('require', 'rd_parallel_tracking');
        !function () { var t = window[window.GoogleAnalyticsObject || "ga"]; t && t("provide", "rd_parallel_tracking", function (t) { var e = t.get("sendHitTask"), n = function () { function e(t) { var e = !1; try { document.createElement("img").src = n(!0) + "?" + t, e = !0 } catch (t) { } return e } function n(e) { var n = "https://us-central1-reflective-data.cloudfunctions.net/barbora-rd-clickstream-tracker/"; return e || (n += "?tid=" + encodeURIComponent(t.get("trackingId"))), n } return { send: function (t) { var a; if (!(a = 2036 >= t.length && e(t))) { a = !1; try { a = navigator.sendBeacon && navigator.sendBeacon(n(), t) } catch (t) { } } if (!a) { var r; a = !1; try { window.XMLHttpRequest && "withCredentials" in (r = new XMLHttpRequest) && (r.open("POST", n(), !0), r.setRequestHeader("Content-Type", "text/plain"), r.send(t), a = !0) } catch (t) { } } return a || e(t) } } }(); t.set("sendHitTask", function (t) { try { e(t) } catch (t) { } n.send(t.get("hitPayload")) }) }) }();

        ga("require", "ec");


        var customerId = '';
        if (customerId !== null && customerId !== undefined && customerId !== "") {
            ga('set', 'userId', customerId);
        }
        ga('send', 'pageview');
</script>

    
<script type="text/javascript">
	//Facebook Pixel init
    !function (f, b, e, v, n, t, s) {
    if (f.fbq) return; n = f.fbq = function () {
    n.callMethod ?
    n.callMethod.apply(n, arguments) : n.queue.push(arguments)
    }; if (!f._fbq) f._fbq = n;
    n.push = n; n.loaded = !0; n.version = '2.0'; n.queue = []; t = b.createElement(e); t.async = !0;
    t.src = v; s = b.getElementsByTagName(e)[0]; s.parentNode.insertBefore(t, s)
    }(window,
    document, 'script', '//connect.facebook.net/en_US/fbevents.js');

    fbq('init', '3887632427920498');
    fbq('track', "PageView");


    //Facebook SDK init
    window.fbAsyncInit = function () {
        window.FB.init({
            appId: 326504038917430,
            //cookie: true,
            xfbml: true,
            version: "v8.0",
        });
    };

    (function (d, s, id) {
        var js,
            fjs = d.getElementsByTagName(s)[0];
        if (d.getElementById(id)) {
            return;
        }
        js = d.createElement(s);
        js.id = id;
        js.src = "https://connect.facebook.net/en_US/sdk.js";
        fjs.parentNode.insertBefore(js, fjs);
    })(document, "script", "facebook-jssdk");
</script>

    <script type="text/javascript">
        var userActions = {
            click: "click",
            elementClick: "elementClick",
            detail: "detail",
            addToCart: "addToCart",
            removeFromCart: "removeFromCart",
            checkoutStepRecommendations: "checkout-step-recommendations",
            checkoutStepViewBasket: "checkout-step-view-basket",
            checkoutStepShipping: "checkout-step-shipping",
            checkoutStepPayment: "checkout-step-payment",
            checkoutStepReceipt: "checkout-step-receipt",
            purchase: "purchase",
            completeRegistration: "CompleteRegistration",
            impression: "impression",
            internalPromotionClick: "internalPromotionClick",
            promotionView: "promotionView",
            promotionClick: "promotionClick",
            checkoutStep: "checkoutStep",
            login: "login",
            register: "register",
            adyenPayments: "adyenPayments",
            couponProgramActivation: "couponProgramActivation"
        };

        var gaEventCategories = {
            product: "product",
            cart: "cart",
            checkout: "checkout",
            customer: "customer",
            promotions: "promotions"
        };

        var reportToFacebook = function (action, data) {
            if (data === undefined) {
                fbq('track', action);
            }
            else {
                fbq('track', action, data);
            }
        };

        var getInfoForFacebookFromProductList = function(products) {
        return {
        "content_ids": products.map(function(inv) { return inv.id; }),
        "content_type": "product",
        "contents": products.map(function(inv) {
        var sUnit = inv.units ? inv.units.find(function(obj) { return obj.unit === 'kg' }) : undefined;
        if (sUnit === undefined) {
        sUnit = inv.unit;
        }
        return {
        "id": inv.id,
        "quantity": inv.quantity_unit_independent ? inv.quantity_unit_independent : inv.quantity,
        "item_price": sUnit ? sUnit.price : inv.price
        }
        })
        };
        }

        var getInfoForFacebookFromProduct = function(product, value, currency) {
        return {
        "content_ids": product.id,
        "content_type": "product",
        "value": value,
        "currency": currency
        }
        }

        var getInfoForGoogleAnalyticsFromProductInfo = function (product, isImpression) {
        if (isImpression !== true) {
        isImpression = false;
        }

        

            var productData = {};
            var missingFields = [];
            if (product.id !== null && product.id !== undefined) {
                productData.id = product.id;
            } else {
                missingFields.push("id");
            }

            if (product.title !== null && product.title !== undefined) {
                productData.name = product.title;
            } else {
                missingFields.push("title");
            }

            if (product.brand_name !== null && product.brand_name !== undefined) {
                productData.brand = product.brand_name;
            }

            if (product.category_name_full_path !== null && product.category_name_full_path !== undefined) {
                productData.category = product.category_name_full_path;
            } else {
                missingFields.push("category_name_full_path");
            }

            if (
                (
                    product.unit !== null &&
                    product.unit !== undefined &&
                    product.unit.price !== null &&
                    product.unit.price !== undefined
                ) ||
                (
                    product.price !== null &&
                    product.price !== undefined
                )
            ) {
                try {
                    productData.price = product.unit.price;
                } catch (e) {
                    productData.price = product.price;
                }
            } else {
                missingFields.push("price");
            }

            if (product.product_position_in_list !== null && product.product_position_in_list !== undefined) {
                productData.position = product.product_position_in_list;
            }

            if (isImpression === false) {
                if (product.quantity_unit_independent !== null && product.quantity_unit_independent !== undefined) {
                    productData.quantity = product.quantity_unit_independent < 1 ? 1 : product.quantity_unit_independent;
                } else if (product.quantity !== null && product.quantity !== undefined) {
                    productData.quantity = product.quantity < 1 ? 1 : product.quantity;
                }
            }

            if (isImpression === true) {
                if (product.list !== null && product.list !== undefined) {
                    productData.list = `${product.list} - ${product.sectionName}`;
                } else {
                    missingFields.push("list");
                }
            }

            if (missingFields.length > 0) {
                console.warn("missing fields: " + missingFields.join(", "));
            }
            return productData;
        };

        var gaIntercept = function () {
            var argumentsExcludingFirst = Array.prototype.slice.call(arguments, 1);

            ga.apply(this, argumentsExcludingFirst);
        };

        var reportUserActionToThirdParty = function (action, data) {
            var defaultCurrency = "EUR";
            var dataForFb = null;
            switch (action) {
                case userActions.click:
                    gaIntercept(userActions.click, "ec:addProduct", getInfoForGoogleAnalyticsFromProductInfo(data));
                    gaIntercept(userActions.click, "ec:setAction", "click", {
                        list: data.list
                    });
                    gaIntercept(userActions.click, "send", "event", gaEventCategories.product, action);
                    break;

                case userActions.detail:
                    //gaIntercept(userActions.detail, "ec:addImpression", getInfoForGoogleAnalyticsFromProductInfo(data, true));
                    gaIntercept(userActions.detail, "ec:addProduct", getInfoForGoogleAnalyticsFromProductInfo(data));
                    gaIntercept(userActions.detail, "ec:setAction", "detail");
                    gaIntercept(userActions.detail, "send", "event", gaEventCategories.product, action);
                    dataForFb = getInfoForFacebookFromProduct(data, data.price, defaultCurrency);
                    reportToFacebook("ViewContent", dataForFb);
                    break;

                case userActions.addToCart:
                    gaIntercept(userActions.addToCart, "ec:addProduct", getInfoForGoogleAnalyticsFromProductInfo(data));
                    gaIntercept(userActions.addToCart, "ec:setAction", "add", {
                        list: `${data.list} - ${data.sectionName}`
                    });
                    gaIntercept(userActions.addToCart, "send", "event", gaEventCategories.cart, action);
                    dataForFb = getInfoForFacebookFromProductList([data]);
                    reportToFacebook("AddToCart", dataForFb);
                    break;

                case userActions.removeFromCart:
                    gaIntercept(userActions.removeFromCart, "ec:addProduct", getInfoForGoogleAnalyticsFromProductInfo(data));
                    gaIntercept(userActions.removeFromCart, "ec:setAction", "remove");
                    gaIntercept(userActions.removeFromCart, "send", "event", gaEventCategories.cart, action);
                    break;

                case userActions.checkoutStepRecommendations:
                    data.forEach(function (product) {
                        gaIntercept(userActions.checkoutStepRecommendations, "ec:addProduct", getInfoForGoogleAnalyticsFromProductInfo(product));
                    });
                    gaIntercept(userActions.checkoutStepRecommendations, "ec:setAction", "checkout", {
                        "step": 1
                    });
                    gaIntercept(userActions.checkoutStepRecommendations, "send", "event", gaEventCategories.checkout, action);
                    break;

                case userActions.checkoutStepViewBasket:
                    data.forEach(function (product) {
                        gaIntercept(userActions.checkoutStepViewBasket, "ec:addProduct", getInfoForGoogleAnalyticsFromProductInfo(product));
                    });
                    gaIntercept(userActions.checkoutStepViewBasket, "ec:setAction", "checkout", {
                        "step": 2
                    });
                    gaIntercept(userActions.checkoutStepViewBasket, "send", "event", gaEventCategories.checkout, action);
                    break;

                case userActions.checkoutStepShipping:
                    data.forEach(function (product) {
                        gaIntercept(userActions.checkoutStepShipping, "ec:addProduct", getInfoForGoogleAnalyticsFromProductInfo(product));
                    });
                    gaIntercept(userActions.checkoutStepShipping, "ec:setAction", "checkout", {
                        "step": 3
                    });
                    gaIntercept(userActions.checkoutStepShipping, "send", "event", gaEventCategories.checkout, action);
                    break;

                case userActions.checkoutStepPayment:
                    data.forEach(function (product) {
                        gaIntercept(userActions.checkoutStepPayment, "ec:addProduct", getInfoForGoogleAnalyticsFromProductInfo(product));
                    });
                    gaIntercept(userActions.checkoutStepPayment, "ec:setAction", "checkout", {
                        "step": 4
                    });
                    gaIntercept(userActions.checkoutStepPayment, "send", "event", gaEventCategories.checkout, action);
                    break;

                case userActions.checkoutStepReceipt:
                    try {
                        data.inventoryInfo.forEach(function (product) {
                            gaIntercept(userActions.checkoutStepReceipt, "ec:addProduct", getInfoForGoogleAnalyticsFromProductInfo(product));
                        });
                        gaIntercept(userActions.checkoutStepReceipt, "ec:setAction", "checkout", {
                            "step": 5,
                            "option": data.paymentSource
                        });
                        gaIntercept(userActions.checkoutStepReceipt, "send", "event", gaEventCategories.checkout, action);

                    } catch (e) {
                        try {
                            // extra logging
                            Sentry.captureException(e, {
                                extraData: {
                                    data: JSON.stringify(data),
                                },
                            });
                        } catch (e) {
                            console.log(e);
                        }
                    }
                    break;

                case userActions.purchase:
                    dataForFb = getInfoForFacebookFromProductList(data.products);
                    dataForFb["value"] = data.orderPrice;
                    dataForFb["currency"] = defaultCurrency;
                    reportToFacebook("Purchase", dataForFb);

                    // report to ga

                    if (data.products !== null && data.products !== undefined && Array.isArray(data.products)) {
                        data.products.forEach(function (product) {
                            gaIntercept(userActions.purchase, "ec:addProduct", getInfoForGoogleAnalyticsFromProductInfo(product));
                        });

                        var purchaseData = {
                            "id": data.orderId,
                            "affiliation": data.shopCode,
                            "revenue": data.orderPrice,
                            "shipping": data.deliveryPrice,
                        };

                        if (data.coupon !== undefined && data.coupon !== null) {
                            purchaseData.coupon = data.coupon;
                        }

                        gaIntercept(userActions.purchase, "ec:setAction", "purchase", purchaseData);

                        gaIntercept(userActions.purchase, "send", "event", gaEventCategories.checkout, action);
                    }

                    break;

                case userActions.internalPromotionClick:

                    gaIntercept(userActions.internalPromotionClick, "ec:addPromo", {
                        "id": data.id,
                        "name": data.name,
                        "position": data.position
                    });
                    gaIntercept(userActions.internalPromotionClick, "ec:setAction", "promo_click");
                    gaIntercept(userActions.internalPromotionClick, "send", "event", "Internal Promotions", "click", data.name);
                    break;

                case userActions.impression:
                    data.forEach(function (product) {
                        gaIntercept(userActions.impression, "ec:addImpression", getInfoForGoogleAnalyticsFromProductInfo(product, true));
                    });
                    gaIntercept(userActions.impression, "send", "event", gaEventCategories.product, action);
                    break;

                case userActions.completeRegistration:
                    gaIntercept(userActions.completeRegistration, "send", "event", gaEventCategories.customer, action);
                    reportToFacebook(action, data);
                    break;

                default:
                    reportToFacebook(action, data);
            }
        };


        var reportUserActionToGtm = function (action, data, sectionTitle = null) {
        window.dataLayer = window.dataLayer || [];
            switch (action) {
                case userActions.click:
                    window.dataLayer.push({
                        event: "click",
                        elementName: data
                    });
                    break;
                case userActions.elementClick:
                    window.dataLayer.push({
                        event: "elementClick",
                        elementName: data,
                        sectionName: sectionTitle
                    });
                    break;

                case userActions.addToCart:
                    window.dataLayer.push({
                        event: "eec.add",
                        ecommerce: data,
                    });
                    break;

                case userActions.promotionView:
                    try {
                        window.dataLayer.push({
                            event: "eec.promotionView",
                            ecommerce: data,
                        });
                    } catch (e) {
                        try {
                            // extra logging
                            const { id, name, creative} = data;
                            Sentry.captureException(e, {
                                extraData: {
                                    id,
                                    name,
                                    creative
                                }
                            });
                        } catch (e) {
                            console.log(e);
                        }
                    }
                    break;

                case userActions.promotionClick:
                    window.dataLayer.push({
                        event: "eec.promotionClick",
                        ecommerce: data,
                    });
                    break;

                case userActions.checkoutStep:
                    window.dataLayer.push({
                        event: "eec.ecommerce",
                        ecommerce: data,
                    });
                    break;

                case userActions.login:
                    window.dataLayer.push({
                        event: "eec.login",
                        login: data,
                    });
                    break;

                case userActions.register:
                    window.dataLayer.push({
                        event: "register",
                        register: data
                    });

                case userActions.adyenPayments:
                    window.dataLayer.push({
                        event: "adyenPayments",
                        adyenPayments: data
                    });
                case userActions.couponProgramActivation:
                    window.dataLayer.push({
                        event: "couponProgramActivation",
                        couponProgram: data
                    });

                default:
                    break;
            }
        };
    </script>

    

    <script>
    (function(w,d,s,l,i) {
    w[l]=w[l]||[];
    w[l].push({'gtm.start': new Date().getTime(),event:'gtm.js'});
    var f=d.getElementsByTagName(s)[0],j=d.createElement(s),dl=l!='dataLayer'?'&l='+l:'';
    j.async=true;j.src='https://www.googletagmanager.com/gtm.js?id='+i+dl;
    f.parentNode.insertBefore(j,f);
    })(window, document, 'script', 'dataLayer', 'GTM-THFN689');

    window.dataLayer = window.dataLayer || [];
    var customerId = "";
    if (customerId !== null && customerId !== undefined) {
    window.dataLayer.push({
    'userID': customerId
    })
    }
</script>

    
    <script>
        (function (h, o, t, j, a, r) {
        h.hj = h.hj || function () { (h.hj.q = h.hj.q || []).push(arguments) };
        h._hjSettings = { hjid: '1873641', hjsv: 6 };
        a = o.getElementsByTagName('head')[0];
        r = o.createElement('script'); r.async = 1;
        r.src = t + h._hjSettings.hjid + j + h._hjSettings.hjsv;
        a.appendChild(r);
        })(window, document, 'https://static.hotjar.com/c/hotjar-', '.js?sv=');
    </script>

</head>



<body class="">
    <script type="text/javascript">
        // load svg icons, cached by browser
        var ajax = new XMLHttpRequest();
        ajax.open("GET", "/Assets/Images/svg-compiled/symbol/svg/sprite.symbol.svg" + "?v=174.3247", true);
        ajax.setRequestHeader("Cache-Control", "max-age=" + "2592000");
        ajax.send();
        ajax.onload = function () {
        var div = document.createElement("div");
        div.style.display = "none";
        div.innerHTML = ajax.responseText;
        document.body.insertBefore(div, document.body.childNodes[0]);
        }
    </script>

    
<noscript>
    <iframe src="https://www.googletagmanager.com/ns.html?id=GTM-THFN689" height="0" width="0" style="display:none;visibility:hidden"></iframe>
</noscript>

    <div class="b-app">
        <div class="b-app-bg">
            <div style="display:none;" class="b-alert--warning b-ie-warning">
                Jūs naudojate pasenusią interneto naršyklę. Apsipirksite greičiau ir patogiau, jei atsisiųsite naujausią <a href="https://www.google.com/chrome/browser/desktop/index.html" target="blank">Google Chrome</a> arba <a href="https://www.mozilla.org/lt/firefox/new/" target="_blank">Mozilla Firefox</a> versiją.
            </div>

            


<script type="text/javascript">
    function sendLoginClickEvent() {
        var login = {
            loginType: "email",
            clicked_login: true
        };
        window.reportUserActionToGtm("login", login);
    }
</script>

<div class="b-header-mobile ">
    <div id="b-mobile-sticky-menu" class="b-mobile-sticky-menu">
        <ul class="b-top-menu b-top-menu-mobile ">
            <div class="b-top-menu--shop-page-links">
                <li class="b-top-menu-item b-top-menu-item--container">
                        <button class="b-top-menu-item-link b-trigger-mobile-menu"></button>

                    <a href="/" class="b-logo--main">
<svg
    class="b-icon b-logo--eshop-main"
    
    style="" 
>
    <use xlink:href="#barbora-logo"></use>
</svg>                    </a>
                </li>
            </div>
            <li class="b-top-menu-item b-help-btn--container"">
                    <button class="b-top-menu-item-link b-login-register--button b-login-register--key b-login-register--login" onclick="sendLoginClickEvent()"><svg
    class="b-icon"
    
    style="" 
>
    <use xlink:href="#login"></use>
</svg></button>
            </li>
        </ul>

                <div class="b-search-mobile">
                    <div class="b-search--placeholder"></div>
                </div>
    </div>
</div>


            


<header class="b-header ">

    <div class="b-header-top">
        <div class="container-fluid">
            




    <script type="text/javascript">
        var sendLoginClickEvent = () => {
            const login = {
                loginType: "email",
                clicked_login: true
		    };
		    window.reportUserActionToGtm("login", login);
        }

        var sendRegisterClickEvent = () => {
            const register = {
                registrationType: "email",
                clicked_register: true
            };
            window.reportUserActionToGtm("register", register);
        }
    </script>

    <div class="b-header--links">
        <div class="b-header--links--items">


            <div class="b-header-language--placeholder"></div>
        </div>

        <div class="b-header--links--items">
                <div class="b-header--links--item b-header--links--login b-header-hidden">
                    <button type="button" id="fti-header-login" class="btn btn-sm btn-link b-login-register--button b-login-register--key b-login-register--login" onclick="sendLoginClickEvent()">
                        <svg
    class="b-icon"
    
    style="" 
>
    <use xlink:href="#login-2"></use>
</svg>
                        <span>
                            Prisijungti
                        </span>
                    </button>
                </div>
                <div class="b-header--links--item b-header--links--register b-header-hidden">
                    <button type="button" id="fti-header-register" class="btn btn-sm btn-link b-login-register--button b-login-register--register" onclick="sendRegisterClickEvent()">
                        Registruotis
                    </button>
                </div>



            <div class="b-help-btn--placeholder"></div>
        </div>

    </div>

            <div style="display: flex;">
                <div class="b-social-login-google--placeholder"></div>
                <div class="b-social-register-google--placeholder"></div>
                <div class="b-social-login-fb--placeholder"></div>
                <div class="b-social-register-fb--placeholder"></div>
            </div>
        </div>
    </div>

        <div class="b-header-bottom">
            <div class="container-fluid">
                <div class="b-header-bottom--wrapper">
                    <div class="b-header-bottom--block">
                        <a href="/" class="b-logo--main">
<svg
    class="b-icon"
    style='width: 100%; height: 100%; top: -3px;'
    style="" 
>
    <use xlink:href="#barbora-logo"></use>
</svg>
                        </a>
                                <div class="b-search--placeholder"></div>
                    </div>
                    <div class="b-header-bottom--side b-header-hidden">
                        <div class="b-cart-and-delivery-in-header--placeholder"></div>
                    </div>
                </div>
            </div>
        </div>

</header>



            <div class=container-fluid>


                <div class="b-main-content ">


                    

    <div class="b-menu">
            <ul class="b-top-menu b-top-menu-desktop">
                <li class="b-top-menu-item">        <a href="/" class="b-top-menu-item-link b-top-menu-item-link-active">Prekės</a>
</li>
                <li class="b-top-menu-item">        <a href="/mano-prekes" class="b-top-menu-item-link">Mano prekės</a>
</li>

                <li class="b-top-menu-item">        <a href="/akcijos" class="b-top-menu-item-link">Akcijos</a>
</li>

                    <li class="b-top-menu-item">        <a href="/eko" class="b-top-menu-item-link">Eko ir ūkis</a>
</li>

                    <li class="b-top-menu-item">        <a href="/naujienos" class="b-top-menu-item-link">Naujienos</a>
</li>

                    <li class="b-top-menu-item">        <a href="/parduotuves/gera-kaina" class="b-top-menu-item-link">Gera kaina</a>
</li>

                    <li class="b-top-menu-item">        <a href="/receptai" class="b-top-menu-item-link">Receptai</a>
</li>

            </ul>










    <div class="b-categories">
        <ul class="b-categories-list">
            <li class="b-categories-root-category" data-b-cat-id="2456a910-eacb-4537-b214-17ed21682888" data-b-inventory-group-tag=""
                data-b-category-api-action-name="categories" data-b-controller="products">

                <button class="b-category-state"></button>

                    <a href="/darzoves-ir-vaisiai">
                        Daržovės ir vaisiai
                    </a>

                    <ul class="b-categories-child b-categories-child--loading">
                        <li>
                            <div class="b-loader"></div>
                        </li>
                    </ul>

            </li>
            <li class="b-categories-root-category" data-b-cat-id="4285f7d7-5d92-4eb2-a85c-4772fed50091" data-b-inventory-group-tag=""
                data-b-category-api-action-name="categories" data-b-controller="products">

                <button class="b-category-state"></button>

                    <a href="/pieno-gaminiai-ir-kiausiniai">
                        Pieno gaminiai ir kiaušiniai
                    </a>

                    <ul class="b-categories-child b-categories-child--loading">
                        <li>
                            <div class="b-loader"></div>
                        </li>
                    </ul>

            </li>
            <li class="b-categories-root-category" data-b-cat-id="770818ff-4c23-42f6-a00a-e7f58add4a10" data-b-inventory-group-tag=""
                data-b-category-api-action-name="categories" data-b-controller="products">

                <button class="b-category-state"></button>

                    <a href="/duonos-gaminiai-ir-konditerija">
                        Duonos gaminiai ir konditerija
                    </a>

                    <ul class="b-categories-child b-categories-child--loading">
                        <li>
                            <div class="b-loader"></div>
                        </li>
                    </ul>

            </li>
            <li class="b-categories-root-category" data-b-cat-id="1271e464-f471-4dc6-b286-7ea771a218a8" data-b-inventory-group-tag=""
                data-b-category-api-action-name="categories" data-b-controller="products">

                <button class="b-category-state"></button>

                    <a href="/mesa-zuvys-ir-kulinarija">
                        Mėsa, žuvis ir kulinarija
                    </a>

                    <ul class="b-categories-child b-categories-child--loading">
                        <li>
                            <div class="b-loader"></div>
                        </li>
                    </ul>

            </li>
            <li class="b-categories-root-category" data-b-cat-id="acb55842-a24c-44d1-b948-082e2cdb596b" data-b-inventory-group-tag=""
                data-b-category-api-action-name="categories" data-b-controller="products">

                <button class="b-category-state"></button>

                    <a href="/bakaleja">
                        Bakalėja
                    </a>

                    <ul class="b-categories-child b-categories-child--loading">
                        <li>
                            <div class="b-loader"></div>
                        </li>
                    </ul>

            </li>
            <li class="b-categories-root-category" data-b-cat-id="c62fbd14-edaa-47f6-8e7e-56ccefe4e5c9" data-b-inventory-group-tag=""
                data-b-category-api-action-name="categories" data-b-controller="products">

                <button class="b-category-state"></button>

                    <a href="/saldytas-maistas">
                        Šaldytas maistas
                    </a>

                    <ul class="b-categories-child b-categories-child--loading">
                        <li>
                            <div class="b-loader"></div>
                        </li>
                    </ul>

            </li>
            <li class="b-categories-root-category" data-b-cat-id="3e2e66e1-88c3-48df-b8c2-f444618991e4" data-b-inventory-group-tag=""
                data-b-category-api-action-name="categories" data-b-controller="products">

                <button class="b-category-state"></button>

                    <a href="/gerimai">
                        Gėrimai
                    </a>

                    <ul class="b-categories-child b-categories-child--loading">
                        <li>
                            <div class="b-loader"></div>
                        </li>
                    </ul>

            </li>
            <li class="b-categories-root-category" data-b-cat-id="850717a1-fa2c-4b5f-a8f7-bae8bf068f7e" data-b-inventory-group-tag=""
                data-b-category-api-action-name="categories" data-b-controller="products">

                <button class="b-category-state"></button>

                    <a href="/kudikiu-ir-vaiku-prekes">
                        Kūdikių ir vaikų prekės
                    </a>

                    <ul class="b-categories-child b-categories-child--loading">
                        <li>
                            <div class="b-loader"></div>
                        </li>
                    </ul>

            </li>
            <li class="b-categories-root-category" data-b-cat-id="5ebed6d5-9f7d-4ddf-a5bf-ab5692ae5d54" data-b-inventory-group-tag=""
                data-b-category-api-action-name="categories" data-b-controller="products">

                <button class="b-category-state"></button>

                    <a href="/kosmetika-ir-higiena">
                        Kosmetika ir higiena
                    </a>

                    <ul class="b-categories-child b-categories-child--loading">
                        <li>
                            <div class="b-loader"></div>
                        </li>
                    </ul>

            </li>
            <li class="b-categories-root-category" data-b-cat-id="a70ae192-1bd4-435f-a809-b54f530b4415" data-b-inventory-group-tag=""
                data-b-category-api-action-name="categories" data-b-controller="products">

                <button class="b-category-state"></button>

                    <a href="/svaros-ir-gyvunu-prekes">
                        Švaros ir gyvūnų prekės
                    </a>

                    <ul class="b-categories-child b-categories-child--loading">
                        <li>
                            <div class="b-loader"></div>
                        </li>
                    </ul>

            </li>
            <li class="b-categories-root-category" data-b-cat-id="7ed46c37-03a7-47d5-ae60-85c6c6aaddd5" data-b-inventory-group-tag=""
                data-b-category-api-action-name="categories" data-b-controller="products">

                <button class="b-category-state"></button>

                    <a href="/namai-ir-laisvalaikis">
                        Namai ir laisvalaikis
                    </a>

                    <ul class="b-categories-child b-categories-child--loading">
                        <li>
                            <div class="b-loader"></div>
                        </li>
                    </ul>

            </li>
        </ul>
    </div>
        

    </div>


                    

    <div class="b-sidebar">

        <div class="b-cart--placeholder"></div>

    </div>


                    <div class="b-page-specific-content">

                        




<script type="text/javascript">
    window.currentPage = "home";
</script>

<div class="b-page-container b-page-container--home" style="padding: 0; background: transparent;">
    <div class="row">
        
        <div class="col-sm-12 col-md-12">
            <div class="b-mui-carousel--placeholder"></div>
            <div class="b-mui-carousel--data">
<div class="b-mui-carousel--slide">
                        


    <div class="banner-wrapper">
            <a href="/prekiu-grupe/geriausi-savaites-pasiulymai" target="" class="b-internal-promo-link">
                <img src="https://cdn.barbora.lt/banners/aee3d7d5-2733-4135-8e75-06ab2903aa26.jpeg" alt="top savaitės pasiūlymai"  loading="lazy" data-b-internal-promo-meta='{"id": "ba236700-b6db-43de-9741-7efc7e0b44a5", "name": "top savaitės pasiūlymai", "position": &quot;Pagrindinis puslapis skydelių karuselė&quot;}' />
            </a>
    </div>

                    </div><div class="b-mui-carousel--slide">
                        


    <div class="banner-wrapper">
            <a href="/prekiu-grupe/semper" target="" class="b-internal-promo-link">
                <img src="https://cdn.barbora.lt/banners/65f19fe1-b840-4fd5-8e19-330884585011.jpeg" alt="TOP_SEMPER loterija"  loading="lazy" data-b-internal-promo-meta='{"id": "78a9e376-00b1-4d18-b455-63b0fc60f0f8", "name": "TOP_SEMPER loterija", "position": &quot;Pagrindinis puslapis skydelių karuselė&quot;}' />
            </a>
    </div>

                    </div><div class="b-mui-carousel--slide">
                        


    <div class="banner-wrapper">
            <a href="/mesa-zuvys-ir-kulinarija/sviezios-zuvys-ir-juru-gerybes" target="" class="b-internal-promo-link">
                <img src="https://cdn.barbora.lt/banners/f778ccae-a62c-4551-ac74-3bd1cd31509c.jpeg" alt="žuvies laimikis"  loading="lazy" data-b-internal-promo-meta='{"id": "27e7a7bd-a655-4952-b5b4-2dbf9c26c96b", "name": "žuvies laimikis", "position": &quot;Pagrindinis puslapis skydelių karuselė&quot;}' />
            </a>
    </div>

                    </div><div class="b-mui-carousel--slide">
                        


    <div class="banner-wrapper">
            <a href="/prekiu-grupe/purinaone" target="" class="b-internal-promo-link">
                <img src="https://cdn.barbora.lt/banners/26e1ed4d-0475-4699-9668-05b60c25f9fe.jpeg" alt="TOP_purinaoneloterija"  loading="lazy" data-b-internal-promo-meta='{"id": "5d72408f-e458-4895-80d1-694d4928ccbe", "name": "TOP_purinaoneloterija", "position": &quot;Pagrindinis puslapis skydelių karuselė&quot;}' />
            </a>
    </div>

                    </div><div class="b-mui-carousel--slide">
                        


    <div class="banner-wrapper">
            <a href="/prekiu-grupe/oreo" target="" class="b-internal-promo-link">
                <img src="https://cdn.barbora.lt/banners/7f803cfd-9326-4310-b4a7-a71910526fef.jpeg" alt="TOP_oreo LT"  loading="lazy" data-b-internal-promo-meta='{"id": "e9e0c0d1-a965-498f-a097-5de4f0ba36b7", "name": "TOP_oreo LT", "position": &quot;Pagrindinis puslapis skydelių karuselė&quot;}' />
            </a>
    </div>

                    </div><div class="b-mui-carousel--slide">
                        


    <div class="banner-wrapper">
            <a href="https://barbora.lt/receptai/kategorija/uzkandziai/uzkandziu-rinkinys-helovino-vakareliui" target="_blank" class="b-internal-promo-link">
                <img src="https://cdn.barbora.lt/banners/4695392e-b326-4f6d-9d11-0f898f01b751.jpeg" alt="skaniam helovynui"  loading="lazy" data-b-internal-promo-meta='{"id": "b93659fd-1988-4f74-a2fa-5095a40df17b", "name": "skaniam helovynui", "position": &quot;Pagrindinis puslapis skydelių karuselė&quot;}' />
            </a>
    </div>

                    </div><div class="b-mui-carousel--slide">
                        


    <div class="banner-wrapper">
            <a href="/prekiu-grupe/pringles" target="" class="b-internal-promo-link">
                <img src="https://cdn.barbora.lt/banners/ee14c970-dfa2-4ad9-9091-1ddc93fa720b.jpeg" alt="TOP_pringles"  loading="lazy" data-b-internal-promo-meta='{"id": "6c8e693a-0d9a-4171-b6b2-30f4be325743", "name": "TOP_pringles", "position": &quot;Pagrindinis puslapis skydelių karuselė&quot;}' />
            </a>
    </div>

                    </div><div class="b-mui-carousel--slide">
                        


    <div class="banner-wrapper">
            <a href="/prekiu-grupe/kai-norisi-mesos" target="" class="b-internal-promo-link">
                <img src="https://cdn.barbora.lt/banners/f87e3a30-7b1c-414c-89a8-d458a1c3e875.jpeg" alt="TOP_kai-norisi-mėsos"  loading="lazy" data-b-internal-promo-meta='{"id": "4b5cbe37-ddae-4cd1-9f8d-508369502a2f", "name": "TOP_kai-norisi-mėsos", "position": &quot;Pagrindinis puslapis skydelių karuselė&quot;}' />
            </a>
    </div>

                    </div><div class="b-mui-carousel--slide">
                        


    <div class="banner-wrapper">
            <a href="/prekiu-grupe/helovynas" target="" class="b-internal-promo-link">
                <img src="https://cdn.barbora.lt/banners/2c5f55fd-04bc-4383-a2d1-200b35bf4166.jpeg" alt="pasiruošk helovynui"  loading="lazy" data-b-internal-promo-meta='{"id": "dc737309-5797-4ed6-857b-8b3f3a09bd41", "name": "pasiruošk helovynui", "position": &quot;Pagrindinis puslapis skydelių karuselė&quot;}' />
            </a>
    </div>

                    </div><div class="b-mui-carousel--slide">
                        


    <div class="banner-wrapper">
            <a href="/prekiu-grupe/niveamoteriska" target="" class="b-internal-promo-link">
                <img src="https://cdn.barbora.lt/banners/c1c82cdb-50bf-4bbe-9866-6de68afbecaf.jpeg" alt="TOP_Nivea"  loading="lazy" data-b-internal-promo-meta='{"id": "5f5f5951-0e72-46f9-b591-1dd5025396ae", "name": "TOP_Nivea", "position": &quot;Pagrindinis puslapis skydelių karuselė&quot;}' />
            </a>
    </div>

                    </div><div class="b-mui-carousel--slide">
                        


    <div class="banner-wrapper">
            <a href="/prekiu-grupe/finish" target="" class="b-internal-promo-link">
                <img src="https://cdn.barbora.lt/banners/0714aeae-6027-4c33-9af6-7383fab4947d.jpeg" alt="TOP_FINISH"  loading="lazy" data-b-internal-promo-meta='{"id": "5cdce7d4-0e48-427a-84a9-bff04bb832e2", "name": "TOP_FINISH", "position": &quot;Pagrindinis puslapis skydelių karuselė&quot;}' />
            </a>
    </div>

                    </div><div class="b-mui-carousel--slide">
                        


    <div class="banner-wrapper">
            <a href="/prekiu-grupe/felix" target="" class="b-internal-promo-link">
                <img src="https://cdn.barbora.lt/banners/3e609e9e-3587-4178-8302-bc3ff02de57d.jpeg" alt="TOP_felix"  loading="lazy" data-b-internal-promo-meta='{"id": "fc32558b-59f2-4aa8-b283-3093eee3a73a", "name": "TOP_felix", "position": &quot;Pagrindinis puslapis skydelių karuselė&quot;}' />
            </a>
    </div>

                    </div><div class="b-mui-carousel--slide">
                        


    <div class="banner-wrapper">
            <a href="https://barbora.lt/parduotuves/nestle" target="_blank" class="b-internal-promo-link">
                <img src="https://cdn.barbora.lt/banners/90c2ba17-e4f0-4f88-aa40-351d02c108bb.jpeg" alt="TOP_Nestle LT"  loading="lazy" data-b-internal-promo-meta='{"id": "6b8cf674-ef3e-4f90-bff9-02579c85d56d", "name": "TOP_Nestle LT", "position": &quot;Pagrindinis puslapis skydelių karuselė&quot;}' />
            </a>
    </div>

                    </div>            </div>
        </div>
    </div>

    <div class="row">
            <div class="col-md-12">
                <div class="block_1">

                    <div class="clear"></div>

                        <section class="b-home--products-section b-display--tablet b-display--desktop">
                            <div class="b-home--products-list b-home--products-list-grid">
                                



<div class="b-section--heading">
    <h2 class="b-section--title">Ypatingi pasiūlymai</h2>
        <a href="/akcijos" class="b-section--view-more" onclick="window.reportUserActionToGtm('elementClick', 'clickOnViewAll - homepage', 'Ypatingi pasiūlymai')">
            Peržiūrėti viską
            <svg
    class="b-icon"
    
    style="width: 0.62em; height: 0.62em;" 
>
    <use xlink:href="#chevron-right"></use>
</svg>
        </a>

</div>
<div class="b-products-list--wrapper">


            <div class="b-products-list items clearfix b-products-allow-desktop-view b-products-allow-mobile-view b-products--desktop-grid">
                        
                            

<div class="b-product--wrap2 b-product--desktop-grid" itemscope itemprop="isRelatedTo" itemtype="http://schema.org/Product">
        <div class="b-product--wrap clearfix b-product--js-hook   "
             data-b-root-cat-id="acb55842-a24c-44d1-b948-082e2cdb596b"
             data-b-item-id="000000000000442040"
             data-b-units='{"units": [{"id":0,"price":1.1800,"retail_price":1.6900,"unit":"vnt.","min":1.0,"max":6.0,"step":1.0,"defaultValue":1.0}]}'
             data-b-for-cart='{&quot;id&quot;:&quot;000000000000442040&quot;,&quot;product_position_in_list&quot;:0,&quot;title&quot;:&quot;Malti juodieji pipirai SAUDA, 100 g&quot;,&quot;category_id&quot;:&quot;1c0dcece-9749-4f43-9a27-2d4145022c58&quot;,&quot;category_name_full_path&quot;:&quot;Bakalėja/Prieskoniai/Pipirai&quot;,&quot;root_category_id&quot;:&quot;acb55842-a24c-44d1-b948-082e2cdb596b&quot;,&quot;brand_name&quot;:&quot;SAUDA&quot;,&quot;price&quot;:1.1800,&quot;image&quot;:&quot;https://cdn.barbora.lt/products/030b7a68-b504-4e3b-b8ea-6997725b35f4_s.png&quot;,&quot;comparative_unit&quot;:&quot;kg&quot;,&quot;comparative_unit_price&quot;:11.80,&quot;status&quot;:&quot;active&quot;,&quot;popUpText&quot;:null,&quot;age_limitation&quot;:null,&quot;picking_actions&quot;:[],&quot;list&quot;:&quot;Pagrindinis puslapis&quot;,&quot;sectionTitle&quot;:&quot;Ypatingi pasiūlymai&quot;,&quot;quantity&quot;:1.0}'
             style="position: relative">
            <div class="b-product-wrap-img">


                


                <a href="/produktai/malti-juodieji-pipirai-sauda-100-g" class="b-product--imagelink b-link--product-info" aria-hidden="true" tabindex="-1"><img itemprop="image" src="https://cdn.barbora.lt/products/030b7a68-b504-4e3b-b8ea-6997725b35f4_s.png" alt="Malti juodieji pipirai SAUDA, 100 g" /></a>
                <a href="/produktai/malti-juodieji-pipirai-sauda-100-g" class="b-product-title b-product-title--desktop b-link--product-info"><span itemprop="name">Malti juodieji pipirai SAUDA, 100 g</span></a>




<div class="b-product-prices-block" itemprop="offers" itemscope itemtype="http://schema.org/Offer">
    

    <div class="b-product-prices-block--loyalty">
    </div>

    <div>
        <div class="b-product-price-current" itemprop="priceCurrency" content="EUR">

            <span class="b-product-price-current-number"
                  itemprop="price"
                  content="1.18">
                €1,18
            </span>

            <link rel="external" itemprop="availability" href="http://schema.org/InStock" />
        </div>

            <del class="b-product-crossed-out-price">€1,69</del>

    </div>

    <div class="b-product-price--extra">


        <div>€11,80/kg</div>
    </div>

</div>
            </div>

            <div class="b-product-info-wrap">
                <div class="b-product clearfix">

                    <div class="b-product-promo-labels">




    <div class="b-product-promo-label-primary" promo-tooltip="Akcija galioja iki 2022-10-31">

<svg
    class="b-icon"
    
    style="" 
>
    <use xlink:href="#label-offer"></use>
</svg>                    <span class="b-product-promo-label-primary--percent">-30%</span>

    </div>

    
		<div class="b-product-promo-label-secondary b-product-promo-label-secondary--announcement-placeholder"></div>



</div>


                    <div class="b-product--info-icons">

                        <a href="/produktai/malti-juodieji-pipirai-sauda-100-g" class="b-product-title b-product-title--mobile b-link--product-info">Malti juodieji pipirai SAUDA, 100 g</a>
                        
                            <div class="b-product-promo-labels--mobile">
        
		<div class="b-product-promo-label-secondary b-product-promo-label-secondary--announcement-placeholder"></div>


    </div>

    <div class="b-product-goalgroups clearfix">









        <button class="b-icon-favourite"></button>
    </div>
    <span class="favourites-tooltip-placeholder"></span>

<div class="b-product-goalgroups b-product-goalgroup--vertical clearfix">

</div>

                    </div>

<div class="b-product-price-cart-link clearfix">
    <div class="b-product-cart-link clearfix">
        <div class="b-quantity-select--placeholder clearfix"></div>
    </div>
</div>

                </div>
            </div>


        </div>
        <div class="b-product--wrap2--cross-sell">
            <div class="b-product--wrap2--cross-sell-styles">
                <span>KARTU REKOMENDUOJAME</span>
                <span>
                    <button type="button" class="close" aria-label="Uždaryti">
                        <svg
    class="b-icon"
    
    style="" 
>
    <use xlink:href="#cross"></use>
</svg>
                    </button>
                </span>
            </div>
        </div>
</div>

                        
                        
                            

<div class="b-product--wrap2 b-product--desktop-grid" itemscope itemprop="isRelatedTo" itemtype="http://schema.org/Product">
        <div class="b-product--wrap clearfix b-product--js-hook   "
             data-b-root-cat-id="acb55842-a24c-44d1-b948-082e2cdb596b"
             data-b-item-id="000000000000660012"
             data-b-units='{"units": [{"id":0,"price":0.4300,"retail_price":0.8500,"unit":"vnt.","min":1.0,"max":10.0,"step":1.0,"defaultValue":1.0}]}'
             data-b-for-cart='{&quot;id&quot;:&quot;000000000000660012&quot;,&quot;product_position_in_list&quot;:1,&quot;title&quot;:&quot;Provanso žolelės KOTANYI, 17 g&quot;,&quot;category_id&quot;:&quot;7191f860-86cd-400d-92e2-2163452a97bc&quot;,&quot;category_name_full_path&quot;:&quot;Bakalėja/Prieskoniai/Žolelių mišiniai&quot;,&quot;root_category_id&quot;:&quot;acb55842-a24c-44d1-b948-082e2cdb596b&quot;,&quot;brand_name&quot;:&quot;Kot&#225;nyi&quot;,&quot;price&quot;:0.4300,&quot;image&quot;:&quot;https://cdn.barbora.lt/products/0a3abda7-6895-4f82-83c8-eb7bdafa6a17_s.png&quot;,&quot;comparative_unit&quot;:&quot;kg&quot;,&quot;comparative_unit_price&quot;:25.29,&quot;status&quot;:&quot;active&quot;,&quot;popUpText&quot;:null,&quot;age_limitation&quot;:null,&quot;picking_actions&quot;:[],&quot;list&quot;:&quot;Pagrindinis puslapis&quot;,&quot;sectionTitle&quot;:&quot;Ypatingi pasiūlymai&quot;,&quot;quantity&quot;:1.0}'
             style="position: relative">
            <div class="b-product-wrap-img">


                


                <a href="/produktai/provanso-zoleles-kotanyi-17-g" class="b-product--imagelink b-link--product-info" aria-hidden="true" tabindex="-1"><img itemprop="image" src="https://cdn.barbora.lt/products/0a3abda7-6895-4f82-83c8-eb7bdafa6a17_s.png" alt="Provanso žolelės KOTANYI, 17 g" /></a>
                <a href="/produktai/provanso-zoleles-kotanyi-17-g" class="b-product-title b-product-title--desktop b-link--product-info"><span itemprop="name">Provanso žolelės KOTANYI, 17 g</span></a>




<div class="b-product-prices-block" itemprop="offers" itemscope itemtype="http://schema.org/Offer">
    

    <div class="b-product-prices-block--loyalty">
    </div>

    <div>
        <div class="b-product-price-current" itemprop="priceCurrency" content="EUR">

            <span class="b-product-price-current-number"
                  itemprop="price"
                  content="0.43">
                €0,43
            </span>

            <link rel="external" itemprop="availability" href="http://schema.org/InStock" />
        </div>

            <del class="b-product-crossed-out-price">€0,85</del>

    </div>

    <div class="b-product-price--extra">


        <div>€25,29/kg</div>
    </div>

</div>
            </div>

            <div class="b-product-info-wrap">
                <div class="b-product clearfix">

                    <div class="b-product-promo-labels">




    <div class="b-product-promo-label-primary" promo-tooltip="Akcija galioja iki 2022-10-31">

<svg
    class="b-icon"
    
    style="" 
>
    <use xlink:href="#label-offer"></use>
</svg>                    <span class="b-product-promo-label-primary--percent">-50%</span>

    </div>

    
		<div class="b-product-promo-label-secondary b-product-promo-label-secondary--announcement-placeholder"></div>



</div>


                    <div class="b-product--info-icons">

                        <a href="/produktai/provanso-zoleles-kotanyi-17-g" class="b-product-title b-product-title--mobile b-link--product-info">Provanso žolelės KOTANYI, 17 g</a>
                        
                            <div class="b-product-promo-labels--mobile">
        
		<div class="b-product-promo-label-secondary b-product-promo-label-secondary--announcement-placeholder"></div>


    </div>

    <div class="b-product-goalgroups clearfix">









        <button class="b-icon-favourite"></button>
    </div>
    <span class="favourites-tooltip-placeholder"></span>

<div class="b-product-goalgroups b-product-goalgroup--vertical clearfix">

</div>

                    </div>

<div class="b-product-price-cart-link clearfix">
    <div class="b-product-cart-link clearfix">
        <div class="b-quantity-select--placeholder clearfix"></div>
    </div>
</div>

                </div>
            </div>


        </div>
        <div class="b-product--wrap2--cross-sell">
            <div class="b-product--wrap2--cross-sell-styles">
                <span>KARTU REKOMENDUOJAME</span>
                <span>
                    <button type="button" class="close" aria-label="Uždaryti">
                        <svg
    class="b-icon"
    
    style="" 
>
    <use xlink:href="#cross"></use>
</svg>
                    </button>
                </span>
            </div>
        </div>
</div>

                        
                        <script type="text/javascript">
                                // using var because of scope issues
                                var lgScreen = window.matchMedia("(min-width:768px)").matches;
                                if (lgScreen) {
                                    const ecommerceObj = {
                                        promoView: {
                                            promotions: [
                                                {
                                                    id: "56d98e49-062a-4832-a85b-dfaa0589de82",
                                                    name: "Dekstop_activia LT",
                                                    creative: "Mini skydelis pagrindiniame puslapyje prie produktų",
                                                    list: "Pagrindinis puslapis",
                                                    position: 2 + 1
                                                }
                                            ]
                                        }
                                    };
                                    window.reportUserActionToGtm("promotionView", ecommerceObj);
                                }
                        </script>
                        
                            <div class="b-product-card-banner--desktop-wrap">
                                


    <div class="banner-wrapper">
            <a href="/prekiu-grupe/activia" target="" class="b-internal-promo-link">
                <img src="https://cdn.barbora.lt/banners/9f19ceac-4416-48f7-85ac-d3ff0812f1e9.jpeg" alt="Dekstop_activia LT"  loading="lazy" data-b-internal-promo-meta='{"id": "56d98e49-062a-4832-a85b-dfaa0589de82", "name": "Dekstop_activia LT", "position": &quot;Mini skydelis pagrindiniame puslapyje prie produktų&quot;}' />
            </a>
    </div>

                            </div>
                        
                        <script type="text/javascript">
                                // using var because of scope issues
                                var mdScreen = window.matchMedia("(max-width:767px)").matches;
                                if (mdScreen) {
                                    const ecommerceObj = {
                                        promoView: {
                                            promotions: [
                                                {
                                                    id: "cb35301d-ee3b-4543-98dd-30e3e8375e48",
                                                    name: "Mobile_activia LT",
                                                    creative: "Mini skydelis pagrindiniame puslapyje prie produktų",
                                                    list: "Pagrindinis puslapis",
                                                    position: 2 + 1
                                                }
                                            ]
                                        }
                                    };
                                    window.reportUserActionToGtm("promotionView", ecommerceObj);
                                }
                        </script>
                        
                            <div class="b-product-card-banner--mobile-wrap">
                                


    <div class="banner-wrapper">
            <a href="/prekiu-grupe/activia" target="" class="b-internal-promo-link">
                <img src="https://cdn.barbora.lt/banners/6f42312e-cbbc-4284-82eb-0edc743d161c.jpeg" alt="Mobile_activia LT"  loading="lazy" data-b-internal-promo-meta='{"id": "cb35301d-ee3b-4543-98dd-30e3e8375e48", "name": "Mobile_activia LT", "position": &quot;Mini skydelis pagrindiniame puslapyje prie produktų&quot;}' />
            </a>
    </div>

                            </div>
                        
                        
                            

<div class="b-product--wrap2 b-product--desktop-grid" itemscope itemprop="isRelatedTo" itemtype="http://schema.org/Product">
        <div class="b-product--wrap clearfix b-product--js-hook   "
             data-b-root-cat-id="acb55842-a24c-44d1-b948-082e2cdb596b"
             data-b-item-id="000000000001254522"
             data-b-units='{"units": [{"id":0,"price":1.9900,"retail_price":2.9900,"unit":"vnt.","min":1.0,"max":8.0,"step":1.0,"defaultValue":1.0}]}'
             data-b-for-cart='{&quot;id&quot;:&quot;000000000001254522&quot;,&quot;product_position_in_list&quot;:3,&quot;title&quot;:&quot;Sūdytos karamelės ir šok.sk. bat. GRENADE su pien. šokoladu, 60 g&quot;,&quot;category_id&quot;:&quot;7c5010bc-1d72-4fc4-b223-599dd334a490&quot;,&quot;category_name_full_path&quot;:&quot;Bakalėja/Specialusis maistas/Funkcinis maistas&quot;,&quot;root_category_id&quot;:&quot;acb55842-a24c-44d1-b948-082e2cdb596b&quot;,&quot;brand_name&quot;:&quot;GRENADE CARB KILLA&quot;,&quot;price&quot;:1.9900,&quot;image&quot;:&quot;https://cdn.barbora.lt/products/0e0b10cc-876d-417d-94e5-e728dc86b0e0_s.png&quot;,&quot;comparative_unit&quot;:&quot;kg&quot;,&quot;comparative_unit_price&quot;:33.17,&quot;status&quot;:&quot;active&quot;,&quot;popUpText&quot;:null,&quot;age_limitation&quot;:null,&quot;picking_actions&quot;:[],&quot;list&quot;:&quot;Pagrindinis puslapis&quot;,&quot;sectionTitle&quot;:&quot;Ypatingi pasiūlymai&quot;,&quot;quantity&quot;:1.0}'
             style="position: relative">
            <div class="b-product-wrap-img">


                


                <a href="/produktai/sudytos-karameles-ir-sok-sk-bat-grenade-su-pien-sokoladu-60-g" class="b-product--imagelink b-link--product-info" aria-hidden="true" tabindex="-1"><img itemprop="image" src="https://cdn.barbora.lt/products/0e0b10cc-876d-417d-94e5-e728dc86b0e0_s.png" alt="Sūdytos karamelės ir šok.sk. bat. GRENADE su pien. šokoladu, 60 g" /></a>
                <a href="/produktai/sudytos-karameles-ir-sok-sk-bat-grenade-su-pien-sokoladu-60-g" class="b-product-title b-product-title--desktop b-link--product-info"><span itemprop="name">Sūdytos karamelės ir šok.sk. bat. GRENADE su pien. šokoladu, 60 g</span></a>




<div class="b-product-prices-block" itemprop="offers" itemscope itemtype="http://schema.org/Offer">
    

    <div class="b-product-prices-block--loyalty">
    </div>

    <div>
        <div class="b-product-price-current" itemprop="priceCurrency" content="EUR">

            <span class="b-product-price-current-number"
                  itemprop="price"
                  content="1.99">
                €1,99
            </span>

            <link rel="external" itemprop="availability" href="http://schema.org/InStock" />
        </div>

            <del class="b-product-crossed-out-price">€2,99</del>

    </div>

    <div class="b-product-price--extra">


        <div>€33,17/kg</div>
    </div>

</div>
            </div>

            <div class="b-product-info-wrap">
                <div class="b-product clearfix">

                    <div class="b-product-promo-labels">




    <div class="b-product-promo-label-primary" promo-tooltip="Akcija galioja iki 2022-10-31">

<svg
    class="b-icon"
    
    style="" 
>
    <use xlink:href="#label-offer-percent"></use>
</svg>
    </div>

    
		<div class="b-product-promo-label-secondary b-product-promo-label-secondary--announcement-placeholder"></div>



</div>


                    <div class="b-product--info-icons">

                        <a href="/produktai/sudytos-karameles-ir-sok-sk-bat-grenade-su-pien-sokoladu-60-g" class="b-product-title b-product-title--mobile b-link--product-info">Sūdytos karamelės ir šok.sk. bat. GRENADE su pien. šokoladu, 60 g</a>
                        
                            <div class="b-product-promo-labels--mobile">
        
		<div class="b-product-promo-label-secondary b-product-promo-label-secondary--announcement-placeholder"></div>


    </div>

    <div class="b-product-goalgroups clearfix">









        <button class="b-icon-favourite"></button>
    </div>
    <span class="favourites-tooltip-placeholder"></span>

<div class="b-product-goalgroups b-product-goalgroup--vertical clearfix">

</div>

                    </div>

<div class="b-product-price-cart-link clearfix">
    <div class="b-product-cart-link clearfix">
        <div class="b-quantity-select--placeholder clearfix"></div>
    </div>
</div>

                </div>
            </div>


        </div>
        <div class="b-product--wrap2--cross-sell">
            <div class="b-product--wrap2--cross-sell-styles">
                <span>KARTU REKOMENDUOJAME</span>
                <span>
                    <button type="button" class="close" aria-label="Uždaryti">
                        <svg
    class="b-icon"
    
    style="" 
>
    <use xlink:href="#cross"></use>
</svg>
                    </button>
                </span>
            </div>
        </div>
</div>

                        
            </div>
            <div class="b-products-list items clearfix b-products-allow-desktop-view b-products-allow-mobile-view b-products--desktop-grid">
                        
                            

<div class="b-product--wrap2 b-product--desktop-grid" itemscope itemprop="isRelatedTo" itemtype="http://schema.org/Product">
        <div class="b-product--wrap clearfix b-product--js-hook   "
             data-b-root-cat-id="acb55842-a24c-44d1-b948-082e2cdb596b"
             data-b-item-id="000000000001301750"
             data-b-units='{"units": [{"id":0,"price":3.4200,"retail_price":4.8900,"unit":"vnt.","min":1.0,"max":6.0,"step":1.0,"defaultValue":1.0}]}'
             data-b-for-cart='{&quot;id&quot;:&quot;000000000001301750&quot;,&quot;product_position_in_list&quot;:4,&quot;title&quot;:&quot;Maltos kavos kapsulės L&#39;OR LIMITED CREATIONS, 10 vnt., 52 g&quot;,&quot;category_id&quot;:&quot;08384032-ed6e-4123-8d77-61a8cd636c7f&quot;,&quot;category_name_full_path&quot;:&quot;Bakalėja/Kava, kavos gėrimai ir kakava/Kavos kapsulės NESPRESSO&#174; aparatams&quot;,&quot;root_category_id&quot;:&quot;acb55842-a24c-44d1-b948-082e2cdb596b&quot;,&quot;brand_name&quot;:&quot;L&#39;OR&quot;,&quot;price&quot;:3.4200,&quot;image&quot;:&quot;https://cdn.barbora.lt/products/cee3b4bf-8467-403d-bc4b-7511526ddc4b_s.png&quot;,&quot;comparative_unit&quot;:&quot;kg&quot;,&quot;comparative_unit_price&quot;:65.77,&quot;status&quot;:&quot;active&quot;,&quot;popUpText&quot;:null,&quot;age_limitation&quot;:null,&quot;picking_actions&quot;:[],&quot;list&quot;:&quot;Pagrindinis puslapis&quot;,&quot;sectionTitle&quot;:&quot;Ypatingi pasiūlymai&quot;,&quot;quantity&quot;:1.0}'
             style="position: relative">
            <div class="b-product-wrap-img">


                


                <a href="/produktai/maltos-kavos-kapsules-l-or-limited-creations-10-vnt-52-g" class="b-product--imagelink b-link--product-info" aria-hidden="true" tabindex="-1"><img itemprop="image" src="https://cdn.barbora.lt/products/cee3b4bf-8467-403d-bc4b-7511526ddc4b_s.png" alt="Maltos kavos kapsulės L&#39;OR LIMITED CREATIONS, 10 vnt., 52 g" /></a>
                <a href="/produktai/maltos-kavos-kapsules-l-or-limited-creations-10-vnt-52-g" class="b-product-title b-product-title--desktop b-link--product-info"><span itemprop="name">Maltos kavos kapsulės L&#39;OR LIMITED CREATIONS, 10 vnt., 52 g</span></a>




<div class="b-product-prices-block" itemprop="offers" itemscope itemtype="http://schema.org/Offer">
    

    <div class="b-product-prices-block--loyalty">
    </div>

    <div>
        <div class="b-product-price-current" itemprop="priceCurrency" content="EUR">

            <span class="b-product-price-current-number"
                  itemprop="price"
                  content="3.42">
                €3,42
            </span>

            <link rel="external" itemprop="availability" href="http://schema.org/InStock" />
        </div>

            <del class="b-product-crossed-out-price">€4,89</del>

    </div>

    <div class="b-product-price--extra">


        <div>€65,77/kg</div>
    </div>

</div>
            </div>

            <div class="b-product-info-wrap">
                <div class="b-product clearfix">

                    <div class="b-product-promo-labels">




    <div class="b-product-promo-label-primary" promo-tooltip="Akcija galioja iki 2022-10-31">

<svg
    class="b-icon"
    
    style="" 
>
    <use xlink:href="#label-offer"></use>
</svg>                    <span class="b-product-promo-label-primary--percent">-30%</span>

    </div>

    
		<div class="b-product-promo-label-secondary b-product-promo-label-secondary--announcement-placeholder"></div>



</div>


                    <div class="b-product--info-icons">

                        <a href="/produktai/maltos-kavos-kapsules-l-or-limited-creations-10-vnt-52-g" class="b-product-title b-product-title--mobile b-link--product-info">Maltos kavos kapsulės L&#39;OR LIMITED CREATIONS, 10 vnt., 52 g</a>
                        
                            <div class="b-product-promo-labels--mobile">
        
		<div class="b-product-promo-label-secondary b-product-promo-label-secondary--announcement-placeholder"></div>


    </div>

    <div class="b-product-goalgroups clearfix">









        <button class="b-icon-favourite"></button>
    </div>
    <span class="favourites-tooltip-placeholder"></span>

<div class="b-product-goalgroups b-product-goalgroup--vertical clearfix">

</div>

                    </div>

<div class="b-product-price-cart-link clearfix">
    <div class="b-product-cart-link clearfix">
        <div class="b-quantity-select--placeholder clearfix"></div>
    </div>
</div>

                </div>
            </div>


        </div>
        <div class="b-product--wrap2--cross-sell">
            <div class="b-product--wrap2--cross-sell-styles">
                <span>KARTU REKOMENDUOJAME</span>
                <span>
                    <button type="button" class="close" aria-label="Uždaryti">
                        <svg
    class="b-icon"
    
    style="" 
>
    <use xlink:href="#cross"></use>
</svg>
                    </button>
                </span>
            </div>
        </div>
</div>

                        
                        
                            

<div class="b-product--wrap2 b-product--desktop-grid" itemscope itemprop="isRelatedTo" itemtype="http://schema.org/Product">
        <div class="b-product--wrap clearfix b-product--js-hook   "
             data-b-root-cat-id="2456a910-eacb-4537-b214-17ed21682888"
             data-b-item-id="000000000000701274"
             data-b-units='{"units": [{"id":0,"price":3.1500,"retail_price":3.2900,"unit":"vnt.","min":1.0,"max":4.0,"step":1.0,"defaultValue":1.0}]}'
             data-b-for-cart='{&quot;id&quot;:&quot;000000000000701274&quot;,&quot;product_position_in_list&quot;:5,&quot;title&quot;:&quot;Ekologiški pomidorai (fas.), 500 g&quot;,&quot;category_id&quot;:&quot;04005a5f-97ea-403c-9d25-881915e200f3&quot;,&quot;category_name_full_path&quot;:&quot;Daržovės ir vaisiai/Daržovės/Pomidorai ir agurkai&quot;,&quot;root_category_id&quot;:&quot;2456a910-eacb-4537-b214-17ed21682888&quot;,&quot;brand_name&quot;:&quot;EKOLOGICA&quot;,&quot;price&quot;:3.1500,&quot;image&quot;:&quot;https://cdn.barbora.lt/products/341cd9ac-c301-45ff-8dc9-472b110afe0f_s.png&quot;,&quot;comparative_unit&quot;:&quot;kg&quot;,&quot;comparative_unit_price&quot;:6.30,&quot;status&quot;:&quot;active&quot;,&quot;popUpText&quot;:null,&quot;age_limitation&quot;:null,&quot;picking_actions&quot;:[],&quot;list&quot;:&quot;Pagrindinis puslapis&quot;,&quot;sectionTitle&quot;:&quot;Ypatingi pasiūlymai&quot;,&quot;quantity&quot;:1.0}'
             style="position: relative">
            <div class="b-product-wrap-img">


                


                <a href="/produktai/ekologiski-pomidorai-fas-500-g" class="b-product--imagelink b-link--product-info" aria-hidden="true" tabindex="-1"><img itemprop="image" src="https://cdn.barbora.lt/products/341cd9ac-c301-45ff-8dc9-472b110afe0f_s.png" alt="Ekologiški pomidorai (fas.), 500 g" /></a>
                <a href="/produktai/ekologiski-pomidorai-fas-500-g" class="b-product-title b-product-title--desktop b-link--product-info"><span itemprop="name">Ekologiški pomidorai (fas.), 500 g</span></a>




<div class="b-product-prices-block" itemprop="offers" itemscope itemtype="http://schema.org/Offer">
    

    <div class="b-product-prices-block--loyalty">
    </div>

    <div>
        <div class="b-product-price-current" itemprop="priceCurrency" content="EUR">

            <span class="b-product-price-current-number"
                  itemprop="price"
                  content="3.15">
                €3,15
            </span>

            <link rel="external" itemprop="availability" href="http://schema.org/InStock" />
        </div>

            <del class="b-product-crossed-out-price">€3,29</del>

    </div>

    <div class="b-product-price--extra">


        <div>€6,30/kg</div>
    </div>

</div>
            </div>

            <div class="b-product-info-wrap">
                <div class="b-product clearfix">

                    <div class="b-product-promo-labels">




    <div class="b-product-promo-label-primary" promo-tooltip="Akcija galioja iki 2022-10-29">

<svg
    class="b-icon"
    
    style="" 
>
    <use xlink:href="#label-offer-percent"></use>
</svg>
    </div>

    



</div>


                    <div class="b-product--info-icons">

                        <a href="/produktai/ekologiski-pomidorai-fas-500-g" class="b-product-title b-product-title--mobile b-link--product-info">Ekologiški pomidorai (fas.), 500 g</a>
                        
                            <div class="b-product-promo-labels--mobile">
        


    </div>

    <div class="b-product-goalgroups clearfix">




                <span class="eko-tooltip-placeholder"></span>





        <button class="b-icon-favourite"></button>
    </div>
    <span class="favourites-tooltip-placeholder"></span>

<div class="b-product-goalgroups b-product-goalgroup--vertical clearfix">

</div>

                    </div>

<div class="b-product-price-cart-link clearfix">
    <div class="b-product-cart-link clearfix">
        <div class="b-quantity-select--placeholder clearfix"></div>
    </div>
</div>

                </div>
            </div>


        </div>
        <div class="b-product--wrap2--cross-sell">
            <div class="b-product--wrap2--cross-sell-styles">
                <span>KARTU REKOMENDUOJAME</span>
                <span>
                    <button type="button" class="close" aria-label="Uždaryti">
                        <svg
    class="b-icon"
    
    style="" 
>
    <use xlink:href="#cross"></use>
</svg>
                    </button>
                </span>
            </div>
        </div>
</div>

                        
                        
                            

<div class="b-product--wrap2 b-product--desktop-grid" itemscope itemprop="isRelatedTo" itemtype="http://schema.org/Product">
        <div class="b-product--wrap clearfix b-product--js-hook   "
             data-b-root-cat-id="2456a910-eacb-4537-b214-17ed21682888"
             data-b-item-id="000000000001185947"
             data-b-units='{"units": [{"id":0,"price":4.9900,"retail_price":7.9900,"unit":"vnt.","min":1.0,"max":3.0,"step":1.0,"defaultValue":1.0}]}'
             data-b-for-cart='{&quot;id&quot;:&quot;000000000001185947&quot;,&quot;product_position_in_list&quot;:6,&quot;title&quot;:&quot;Šilauogės, 500 g&quot;,&quot;category_id&quot;:&quot;bfc96f6f-9786-481e-90c2-e73dd5d6a8f5&quot;,&quot;category_name_full_path&quot;:&quot;Daržovės ir vaisiai/Vaisiai ir uogos/Vynuogės ir uogos&quot;,&quot;root_category_id&quot;:&quot;2456a910-eacb-4537-b214-17ed21682888&quot;,&quot;brand_name&quot;:&quot;&quot;,&quot;price&quot;:4.9900,&quot;image&quot;:&quot;https://cdn.barbora.lt/products/70d2207b-83f6-466a-a146-64a0d29a7869_s.png&quot;,&quot;comparative_unit&quot;:&quot;kg&quot;,&quot;comparative_unit_price&quot;:9.98,&quot;status&quot;:&quot;active&quot;,&quot;popUpText&quot;:null,&quot;age_limitation&quot;:null,&quot;picking_actions&quot;:[],&quot;list&quot;:&quot;Pagrindinis puslapis&quot;,&quot;sectionTitle&quot;:&quot;Ypatingi pasiūlymai&quot;,&quot;quantity&quot;:1.0}'
             style="position: relative">
            <div class="b-product-wrap-img">


                


                <a href="/produktai/silauoges-500-g" class="b-product--imagelink b-link--product-info" aria-hidden="true" tabindex="-1"><img itemprop="image" src="https://cdn.barbora.lt/products/70d2207b-83f6-466a-a146-64a0d29a7869_s.png" alt="Šilauogės, 500 g" /></a>
                <a href="/produktai/silauoges-500-g" class="b-product-title b-product-title--desktop b-link--product-info"><span itemprop="name">Šilauogės, 500 g</span></a>




<div class="b-product-prices-block" itemprop="offers" itemscope itemtype="http://schema.org/Offer">
    

    <div class="b-product-prices-block--loyalty">
    </div>

    <div>
        <div class="b-product-price-current" itemprop="priceCurrency" content="EUR">

            <span class="b-product-price-current-number"
                  itemprop="price"
                  content="4.99">
                €4,99
            </span>

            <link rel="external" itemprop="availability" href="http://schema.org/InStock" />
        </div>

            <del class="b-product-crossed-out-price">€7,99</del>

    </div>

    <div class="b-product-price--extra">


        <div>€9,98/kg</div>
    </div>

</div>
            </div>

            <div class="b-product-info-wrap">
                <div class="b-product clearfix">

                    <div class="b-product-promo-labels">




    <div class="b-product-promo-label-primary" promo-tooltip="Akcija galioja iki 2022-10-27">

<svg
    class="b-icon"
    
    style="" 
>
    <use xlink:href="#label-offer-percent"></use>
</svg>
    </div>

    
		<div class="b-product-promo-label-secondary b-product-promo-label-secondary--new-placeholder"></div>



</div>


                    <div class="b-product--info-icons">

                        <a href="/produktai/silauoges-500-g" class="b-product-title b-product-title--mobile b-link--product-info">Šilauogės, 500 g</a>
                        
                            <div class="b-product-promo-labels--mobile">
        
		<div class="b-product-promo-label-secondary b-product-promo-label-secondary--new-placeholder"></div>


    </div>

    <div class="b-product-goalgroups clearfix">









        <button class="b-icon-favourite"></button>
    </div>
    <span class="favourites-tooltip-placeholder"></span>

<div class="b-product-goalgroups b-product-goalgroup--vertical clearfix">

</div>

                    </div>

<div class="b-product-price-cart-link clearfix">
    <div class="b-product-cart-link clearfix">
        <div class="b-quantity-select--placeholder clearfix"></div>
    </div>
</div>

                </div>
            </div>


        </div>
        <div class="b-product--wrap2--cross-sell">
            <div class="b-product--wrap2--cross-sell-styles">
                <span>KARTU REKOMENDUOJAME</span>
                <span>
                    <button type="button" class="close" aria-label="Uždaryti">
                        <svg
    class="b-icon"
    
    style="" 
>
    <use xlink:href="#cross"></use>
</svg>
                    </button>
                </span>
            </div>
        </div>
</div>

                        
                        
                            

<div class="b-product--wrap2 b-product--desktop-grid" itemscope itemprop="isRelatedTo" itemtype="http://schema.org/Product">
        <div class="b-product--wrap clearfix b-product--js-hook   "
             data-b-root-cat-id="4285f7d7-5d92-4eb2-a85c-4772fed50091"
             data-b-item-id="000000000000136878"
             data-b-units='{"units": [{"id":0,"price":1.2500,"retail_price":1.3900,"unit":"vnt.","min":1.0,"max":8.0,"step":1.0,"defaultValue":1.0}]}'
             data-b-for-cart='{&quot;id&quot;:&quot;000000000000136878&quot;,&quot;product_position_in_list&quot;:7,&quot;title&quot;:&quot;Pusriebis Rokiškio NAMINIS pienas, 2,5% rieb., 900 ml&quot;,&quot;category_id&quot;:&quot;40956cf9-dd22-4337-9b46-2137da7290d2&quot;,&quot;category_name_full_path&quot;:&quot;Pieno gaminiai ir kiaušiniai/Pienas/Pasterizuotas pienas&quot;,&quot;root_category_id&quot;:&quot;4285f7d7-5d92-4eb2-a85c-4772fed50091&quot;,&quot;brand_name&quot;:&quot;Rokiškio NAMINIS&quot;,&quot;price&quot;:1.2500,&quot;image&quot;:&quot;https://cdn.barbora.lt/products/50d89af0-bbb5-4bb4-b707-bf6bcdb8e94d_s.png&quot;,&quot;comparative_unit&quot;:&quot;l&quot;,&quot;comparative_unit_price&quot;:1.39,&quot;status&quot;:&quot;active&quot;,&quot;popUpText&quot;:null,&quot;age_limitation&quot;:null,&quot;picking_actions&quot;:[],&quot;list&quot;:&quot;Pagrindinis puslapis&quot;,&quot;sectionTitle&quot;:&quot;Ypatingi pasiūlymai&quot;,&quot;quantity&quot;:1.0}'
             style="position: relative">
            <div class="b-product-wrap-img">


                


                <a href="/produktai/pusriebis-rokiskio-naminis-pienas-2-5-proc-rieb-900-ml" class="b-product--imagelink b-link--product-info" aria-hidden="true" tabindex="-1"><img itemprop="image" src="https://cdn.barbora.lt/products/50d89af0-bbb5-4bb4-b707-bf6bcdb8e94d_s.png" alt="Pusriebis Rokiškio NAMINIS pienas, 2,5% rieb., 900 ml" /></a>
                <a href="/produktai/pusriebis-rokiskio-naminis-pienas-2-5-proc-rieb-900-ml" class="b-product-title b-product-title--desktop b-link--product-info"><span itemprop="name">Pusriebis Rokiškio NAMINIS pienas, 2,5% rieb., 900 ml</span></a>




<div class="b-product-prices-block" itemprop="offers" itemscope itemtype="http://schema.org/Offer">
    

    <div class="b-product-prices-block--loyalty">
    </div>

    <div>
        <div class="b-product-price-current" itemprop="priceCurrency" content="EUR">

            <span class="b-product-price-current-number"
                  itemprop="price"
                  content="1.25">
                €1,25
            </span>

            <link rel="external" itemprop="availability" href="http://schema.org/InStock" />
        </div>

            <del class="b-product-crossed-out-price">€1,39</del>

    </div>

    <div class="b-product-price--extra">


        <div>€1,39/l</div>
    </div>

</div>
            </div>

            <div class="b-product-info-wrap">
                <div class="b-product clearfix">

                    <div class="b-product-promo-labels">




    <div class="b-product-promo-label-primary" promo-tooltip="Akcija galioja iki 2022-10-31">

<svg
    class="b-icon"
    
    style="" 
>
    <use xlink:href="#label-offer-percent"></use>
</svg>
    </div>

    



</div>


                    <div class="b-product--info-icons">

                        <a href="/produktai/pusriebis-rokiskio-naminis-pienas-2-5-proc-rieb-900-ml" class="b-product-title b-product-title--mobile b-link--product-info">Pusriebis Rokiškio NAMINIS pienas, 2,5% rieb., 900 ml</a>
                        
                            <div class="b-product-promo-labels--mobile">
        


    </div>

    <div class="b-product-goalgroups clearfix">









        <button class="b-icon-favourite"></button>
    </div>
    <span class="favourites-tooltip-placeholder"></span>

<div class="b-product-goalgroups b-product-goalgroup--vertical clearfix">

</div>

                    </div>

<div class="b-product-price-cart-link clearfix">
    <div class="b-product-cart-link clearfix">
        <div class="b-quantity-select--placeholder clearfix"></div>
    </div>
</div>

                </div>
            </div>


        </div>
        <div class="b-product--wrap2--cross-sell">
            <div class="b-product--wrap2--cross-sell-styles">
                <span>KARTU REKOMENDUOJAME</span>
                <span>
                    <button type="button" class="close" aria-label="Uždaryti">
                        <svg
    class="b-icon"
    
    style="" 
>
    <use xlink:href="#cross"></use>
</svg>
                    </button>
                </span>
            </div>
        </div>
</div>

                        
            </div>



<script type="text/javascript">
    var products = [{"attributes":{"list":[]},"picking_actions":[],"units":[{"id":0,"price":1.1800,"retail_price":1.6900,"unit":"vnt.","min":1.0,"max":6.0,"step":1.0,"defaultValue":1.0}],"is_adult":false,"inFavorites":false,"extra":{"is_sellout":true,"discount":30.0,"buy_x_quantity_for_y_price_promo":null,"maxi_pack_price_promo":null,"is_with_card":false,"extra_loyalty_points":null,"is_new":false,"is_top":true,"is_time":null,"is_today":false,"is_gift_available":false,"is_not_available_for_cnc":false,"is_not_available_for_pup":false},"show_promo_label":true,"show_promo_price":true,"giftsCampaignItems":null,"segment_id":null,"id":"000000000000442040","title":"Malti juodieji pipirai SAUDA, 100 g","category_id":"1c0dcece-9749-4f43-9a27-2d4145022c58","category_name_full_path":"Bakalėja/Prieskoniai/Pipirai","category_path_url":"bakaleja/prieskoniai/pipirai","root_category_id":"acb55842-a24c-44d1-b948-082e2cdb596b","brand_name":"SAUDA","brand_id":4569,"shopcode":"X500","price":1.1800,"retail_price":1.6900,"image":"https://cdn.barbora.lt/products/030b7a68-b504-4e3b-b8ea-6997725b35f4_s.png","big_image":"https://cdn.barbora.lt/products/030b7a68-b504-4e3b-b8ea-6997725b35f4_m.png","comparative_unit":"kg","comparative_unit_price":11.80,"status":"active","GiftsCampaignItems":null,"own_inventory":false,"ShowInOffersTo":"2022-10-31T00:00:00","Url":"malti-juodieji-pipirai-sauda-100-g","ExternalSuppliers":null,"is_made_in_Eu":false,"is_made_in_Home_Country":false,"is_available_for_donations":false},{"attributes":{"list":[]},"picking_actions":[],"units":[{"id":0,"price":0.4300,"retail_price":0.8500,"unit":"vnt.","min":1.0,"max":10.0,"step":1.0,"defaultValue":1.0}],"is_adult":false,"inFavorites":false,"extra":{"is_sellout":true,"discount":50.0,"buy_x_quantity_for_y_price_promo":null,"maxi_pack_price_promo":null,"is_with_card":false,"extra_loyalty_points":null,"is_new":false,"is_top":true,"is_time":null,"is_today":false,"is_gift_available":false,"is_not_available_for_cnc":false,"is_not_available_for_pup":false},"show_promo_label":true,"show_promo_price":true,"giftsCampaignItems":null,"segment_id":null,"id":"000000000000660012","title":"Provanso žolelės KOTANYI, 17 g","category_id":"7191f860-86cd-400d-92e2-2163452a97bc","category_name_full_path":"Bakalėja/Prieskoniai/Žolelių mišiniai","category_path_url":"bakaleja/prieskoniai/zoleliu-misiniai","root_category_id":"acb55842-a24c-44d1-b948-082e2cdb596b","brand_name":"Kotányi","brand_id":2526,"shopcode":"X500","price":0.4300,"retail_price":0.8500,"image":"https://cdn.barbora.lt/products/0a3abda7-6895-4f82-83c8-eb7bdafa6a17_s.png","big_image":"https://cdn.barbora.lt/products/0a3abda7-6895-4f82-83c8-eb7bdafa6a17_m.png","comparative_unit":"kg","comparative_unit_price":25.29,"status":"active","GiftsCampaignItems":null,"own_inventory":false,"ShowInOffersTo":"2022-10-31T00:00:00","Url":"provanso-zoleles-kotanyi-17-g","ExternalSuppliers":null,"is_made_in_Eu":false,"is_made_in_Home_Country":false,"is_available_for_donations":false},{"attributes":{"list":[]},"picking_actions":[],"units":[{"id":0,"price":1.9900,"retail_price":2.9900,"unit":"vnt.","min":1.0,"max":8.0,"step":1.0,"defaultValue":1.0}],"is_adult":false,"inFavorites":false,"extra":{"is_sellout":true,"discount":0.0,"buy_x_quantity_for_y_price_promo":null,"maxi_pack_price_promo":null,"is_with_card":false,"extra_loyalty_points":null,"is_new":false,"is_top":true,"is_time":null,"is_today":false,"is_gift_available":false,"is_not_available_for_cnc":false,"is_not_available_for_pup":false},"show_promo_label":true,"show_promo_price":true,"giftsCampaignItems":null,"segment_id":null,"id":"000000000001254522","title":"Sūdytos karamelės ir šok.sk. bat. GRENADE su pien. šokoladu, 60 g","category_id":"7c5010bc-1d72-4fc4-b223-599dd334a490","category_name_full_path":"Bakalėja/Specialusis maistas/Funkcinis maistas","category_path_url":"bakaleja/specialusis-maistas/funkcinis-maistas","root_category_id":"acb55842-a24c-44d1-b948-082e2cdb596b","brand_name":"GRENADE CARB KILLA","brand_id":4550,"shopcode":"X500","price":1.9900,"retail_price":2.9900,"image":"https://cdn.barbora.lt/products/0e0b10cc-876d-417d-94e5-e728dc86b0e0_s.png","big_image":"https://cdn.barbora.lt/products/0e0b10cc-876d-417d-94e5-e728dc86b0e0_m.png","comparative_unit":"kg","comparative_unit_price":33.17,"status":"active","GiftsCampaignItems":null,"own_inventory":false,"ShowInOffersTo":"2022-10-31T00:00:00","Url":"sudytos-karameles-ir-sok-sk-bat-grenade-su-pien-sokoladu-60-g","ExternalSuppliers":null,"is_made_in_Eu":false,"is_made_in_Home_Country":false,"is_available_for_donations":false},{"attributes":{"list":[]},"picking_actions":[],"units":[{"id":0,"price":3.4200,"retail_price":4.8900,"unit":"vnt.","min":1.0,"max":6.0,"step":1.0,"defaultValue":1.0}],"is_adult":false,"inFavorites":false,"extra":{"is_sellout":true,"discount":30.0,"buy_x_quantity_for_y_price_promo":null,"maxi_pack_price_promo":null,"is_with_card":false,"extra_loyalty_points":null,"is_new":false,"is_top":true,"is_time":null,"is_today":false,"is_gift_available":false,"is_not_available_for_cnc":false,"is_not_available_for_pup":false},"show_promo_label":true,"show_promo_price":true,"giftsCampaignItems":null,"segment_id":null,"id":"000000000001301750","title":"Maltos kavos kapsulės L'OR LIMITED CREATIONS, 10 vnt., 52 g","category_id":"08384032-ed6e-4123-8d77-61a8cd636c7f","category_name_full_path":"Bakalėja/Kava, kavos gėrimai ir kakava/Kavos kapsulės NESPRESSO® aparatams","category_path_url":"bakaleja/kava-kavos-gerimai-ir-kakava/kavos-kapsules-nespresso-aparatams","root_category_id":"acb55842-a24c-44d1-b948-082e2cdb596b","brand_name":"L'OR","brand_id":4253,"shopcode":"X500","price":3.4200,"retail_price":4.8900,"image":"https://cdn.barbora.lt/products/cee3b4bf-8467-403d-bc4b-7511526ddc4b_s.png","big_image":"https://cdn.barbora.lt/products/cee3b4bf-8467-403d-bc4b-7511526ddc4b_m.png","comparative_unit":"kg","comparative_unit_price":65.77,"status":"active","GiftsCampaignItems":null,"own_inventory":false,"ShowInOffersTo":"2022-10-31T00:00:00","Url":"maltos-kavos-kapsules-l-or-limited-creations-10-vnt-52-g","ExternalSuppliers":null,"is_made_in_Eu":false,"is_made_in_Home_Country":false,"is_available_for_donations":false},{"attributes":{"list":[],"additional":{"sugar_free":false,"e_free":false,"lactose_free":false,"gluten_free":false,"eco":true,"frozen":false,"is_for_vegetarians":false,"mince":false,"thin_slice":false,"disembowel":false}},"picking_actions":[],"units":[{"id":0,"price":3.1500,"retail_price":3.2900,"unit":"vnt.","min":1.0,"max":4.0,"step":1.0,"defaultValue":1.0}],"is_adult":false,"inFavorites":false,"extra":{"is_sellout":true,"discount":0.0,"buy_x_quantity_for_y_price_promo":null,"maxi_pack_price_promo":null,"is_with_card":false,"extra_loyalty_points":null,"is_new":false,"is_top":false,"is_time":null,"is_today":false,"is_gift_available":false,"is_not_available_for_cnc":false,"is_not_available_for_pup":false},"show_promo_label":true,"show_promo_price":true,"giftsCampaignItems":null,"segment_id":null,"id":"000000000000701274","title":"Ekologiški pomidorai (fas.), 500 g","category_id":"04005a5f-97ea-403c-9d25-881915e200f3","category_name_full_path":"Daržovės ir vaisiai/Daržovės/Pomidorai ir agurkai","category_path_url":"darzoves-ir-vaisiai/darzoves/pomidorai-ir-agurkai","root_category_id":"2456a910-eacb-4537-b214-17ed21682888","brand_name":"EKOLOGICA","brand_id":4532,"shopcode":"X500","price":3.1500,"retail_price":3.2900,"image":"https://cdn.barbora.lt/products/341cd9ac-c301-45ff-8dc9-472b110afe0f_s.png","big_image":"https://cdn.barbora.lt/products/341cd9ac-c301-45ff-8dc9-472b110afe0f_m.png","comparative_unit":"kg","comparative_unit_price":6.30,"status":"active","GiftsCampaignItems":null,"own_inventory":false,"ShowInOffersTo":"2022-10-29T00:00:00","Url":"ekologiski-pomidorai-fas-500-g","ExternalSuppliers":null,"is_made_in_Eu":true,"is_made_in_Home_Country":false,"is_available_for_donations":false},{"attributes":{"list":[]},"picking_actions":[],"units":[{"id":0,"price":4.9900,"retail_price":7.9900,"unit":"vnt.","min":1.0,"max":3.0,"step":1.0,"defaultValue":1.0}],"is_adult":false,"inFavorites":false,"extra":{"is_sellout":true,"discount":0.0,"buy_x_quantity_for_y_price_promo":null,"maxi_pack_price_promo":null,"is_with_card":false,"extra_loyalty_points":null,"is_new":true,"is_top":false,"is_time":null,"is_today":false,"is_gift_available":false,"is_not_available_for_cnc":false,"is_not_available_for_pup":false},"show_promo_label":true,"show_promo_price":true,"giftsCampaignItems":null,"segment_id":null,"id":"000000000001185947","title":"Šilauogės, 500 g","category_id":"bfc96f6f-9786-481e-90c2-e73dd5d6a8f5","category_name_full_path":"Daržovės ir vaisiai/Vaisiai ir uogos/Vynuogės ir uogos","category_path_url":"darzoves-ir-vaisiai/vaisiai-ir-uogos/vynuoges-ir-uogos","root_category_id":"2456a910-eacb-4537-b214-17ed21682888","brand_name":"","brand_id":null,"shopcode":"X500","price":4.9900,"retail_price":7.9900,"image":"https://cdn.barbora.lt/products/70d2207b-83f6-466a-a146-64a0d29a7869_s.png","big_image":"https://cdn.barbora.lt/products/70d2207b-83f6-466a-a146-64a0d29a7869_m.png","comparative_unit":"kg","comparative_unit_price":9.98,"status":"active","GiftsCampaignItems":null,"own_inventory":false,"ShowInOffersTo":"2022-10-27T00:00:00","Url":"silauoges-500-g","ExternalSuppliers":null,"is_made_in_Eu":false,"is_made_in_Home_Country":false,"is_available_for_donations":false},{"attributes":{"list":[]},"picking_actions":[],"units":[{"id":0,"price":1.2500,"retail_price":1.3900,"unit":"vnt.","min":1.0,"max":8.0,"step":1.0,"defaultValue":1.0}],"is_adult":false,"inFavorites":false,"extra":{"is_sellout":true,"discount":0.0,"buy_x_quantity_for_y_price_promo":null,"maxi_pack_price_promo":null,"is_with_card":false,"extra_loyalty_points":null,"is_new":false,"is_top":false,"is_time":null,"is_today":false,"is_gift_available":false,"is_not_available_for_cnc":false,"is_not_available_for_pup":false},"show_promo_label":true,"show_promo_price":true,"giftsCampaignItems":null,"segment_id":null,"id":"000000000000136878","title":"Pusriebis Rokiškio NAMINIS pienas, 2,5% rieb., 900 ml","category_id":"40956cf9-dd22-4337-9b46-2137da7290d2","category_name_full_path":"Pieno gaminiai ir kiaušiniai/Pienas/Pasterizuotas pienas","category_path_url":"pieno-gaminiai-ir-kiausiniai/pienas/pasterizuotas-pienas","root_category_id":"4285f7d7-5d92-4eb2-a85c-4772fed50091","brand_name":"Rokiškio NAMINIS","brand_id":5397,"shopcode":"X500","price":1.2500,"retail_price":1.3900,"image":"https://cdn.barbora.lt/products/50d89af0-bbb5-4bb4-b707-bf6bcdb8e94d_s.png","big_image":"https://cdn.barbora.lt/products/50d89af0-bbb5-4bb4-b707-bf6bcdb8e94d_m.png","comparative_unit":"l","comparative_unit_price":1.39,"status":"active","GiftsCampaignItems":null,"own_inventory":false,"ShowInOffersTo":"2022-10-31T00:00:00","Url":"pusriebis-rokiskio-naminis-pienas-2-5-proc-rieb-900-ml","ExternalSuppliers":null,"is_made_in_Eu":false,"is_made_in_Home_Country":false,"is_available_for_donations":false},{"attributes":{"list":[]},"picking_actions":[],"units":[{"id":0,"price":2.5900,"retail_price":2.9900,"unit":"vnt.","min":1.0,"max":4.0,"step":1.0,"defaultValue":1.0}],"is_adult":false,"inFavorites":false,"extra":{"is_sellout":true,"discount":0.0,"buy_x_quantity_for_y_price_promo":null,"maxi_pack_price_promo":null,"is_with_card":false,"extra_loyalty_points":null,"is_new":false,"is_top":false,"is_time":null,"is_today":false,"is_gift_available":false,"is_not_available_for_cnc":false,"is_not_available_for_pup":false},"show_promo_label":true,"show_promo_price":true,"giftsCampaignItems":null,"segment_id":null,"id":"000000000000699888","title":"DVARO grietinė, 30 % rieb., 380 g","category_id":"bce3fc44-0ab4-4db9-836f-f1e9faf72976","category_name_full_path":"Pieno gaminiai ir kiaušiniai/Grietinė ir grietinėlė/Grietinė","category_path_url":"pieno-gaminiai-ir-kiausiniai/grietine-ir-grietinele/grietine","root_category_id":"4285f7d7-5d92-4eb2-a85c-4772fed50091","brand_name":"Dvaro","brand_id":2409,"shopcode":"X500","price":2.5900,"retail_price":2.9900,"image":"https://cdn.barbora.lt/products/70836677-20b7-4eb0-9b0f-34ed8016e069_s.png","big_image":"https://cdn.barbora.lt/products/70836677-20b7-4eb0-9b0f-34ed8016e069_m.png","comparative_unit":"kg","comparative_unit_price":6.82,"status":"active","GiftsCampaignItems":null,"own_inventory":false,"ShowInOffersTo":"2022-10-31T00:00:00","Url":"dvaro-grietine-30-proc-rieb-380-g","ExternalSuppliers":null,"is_made_in_Eu":false,"is_made_in_Home_Country":false,"is_available_for_donations":false}];
    var productListingSourceName = 'Pagrindinis puslapis';
    var productSectionName = 'Ypatingi pasiūlymai';

    var productsWithListAndPositionForAnalytics =
        products === undefined
            ? []
            : products.map(function (product, index) {
                product.product_position_in_list = index;
                product.list = productListingSourceName;
                product.sectionName = productSectionName;
                return product;
            });

    window.reportUserActionToThirdParty("impression", productsWithListAndPositionForAnalytics);
</script>
</div>

                            </div>
                        </section>
                        <section class="b-home--products-section b-display--mobile">
                            <div class="b-home--products-list b-product-slider--container b-home--products-list-mobile b-with-overlay-background">
                                



<div class="b-section--heading">
    <h2 class="b-section--title">Ypatingi pasiūlymai</h2>
        <a href="/akcijos" class="b-section--view-more" onclick="window.reportUserActionToGtm('elementClick', 'clickOnViewAll - homepage', 'Ypatingi pasiūlymai')">
            Peržiūrėti viską
            <svg
    class="b-icon"
    
    style="width: 0.62em; height: 0.62em;" 
>
    <use xlink:href="#chevron-right"></use>
</svg>
        </a>

</div>
<div class="b-products-list--wrapper">


            <div class="b-products-list items clearfix b-products-allow-desktop-view b-products-allow-mobile-view b-products--desktop-grid">
                        
                            

<div class="b-product--wrap2 b-product--desktop-grid" itemscope itemprop="isRelatedTo" itemtype="http://schema.org/Product">
        <div class="b-product--wrap clearfix b-product--js-hook   "
             data-b-root-cat-id="acb55842-a24c-44d1-b948-082e2cdb596b"
             data-b-item-id="000000000000442040"
             data-b-units='{"units": [{"id":0,"price":1.1800,"retail_price":1.6900,"unit":"vnt.","min":1.0,"max":6.0,"step":1.0,"defaultValue":1.0}]}'
             data-b-for-cart='{&quot;id&quot;:&quot;000000000000442040&quot;,&quot;product_position_in_list&quot;:0,&quot;title&quot;:&quot;Malti juodieji pipirai SAUDA, 100 g&quot;,&quot;category_id&quot;:&quot;1c0dcece-9749-4f43-9a27-2d4145022c58&quot;,&quot;category_name_full_path&quot;:&quot;Bakalėja/Prieskoniai/Pipirai&quot;,&quot;root_category_id&quot;:&quot;acb55842-a24c-44d1-b948-082e2cdb596b&quot;,&quot;brand_name&quot;:&quot;SAUDA&quot;,&quot;price&quot;:1.1800,&quot;image&quot;:&quot;https://cdn.barbora.lt/products/030b7a68-b504-4e3b-b8ea-6997725b35f4_s.png&quot;,&quot;comparative_unit&quot;:&quot;kg&quot;,&quot;comparative_unit_price&quot;:11.80,&quot;status&quot;:&quot;active&quot;,&quot;popUpText&quot;:null,&quot;age_limitation&quot;:null,&quot;picking_actions&quot;:[],&quot;list&quot;:&quot;Pagrindinis puslapis&quot;,&quot;sectionTitle&quot;:&quot;Ypatingi pasiūlymai&quot;,&quot;quantity&quot;:1.0}'
             style="position: relative">
            <div class="b-product-wrap-img">


                


                <a href="/produktai/malti-juodieji-pipirai-sauda-100-g" class="b-product--imagelink b-link--product-info" aria-hidden="true" tabindex="-1"><img itemprop="image" src="https://cdn.barbora.lt/products/030b7a68-b504-4e3b-b8ea-6997725b35f4_s.png" alt="Malti juodieji pipirai SAUDA, 100 g" /></a>
                <a href="/produktai/malti-juodieji-pipirai-sauda-100-g" class="b-product-title b-product-title--desktop b-link--product-info"><span itemprop="name">Malti juodieji pipirai SAUDA, 100 g</span></a>




<div class="b-product-prices-block" itemprop="offers" itemscope itemtype="http://schema.org/Offer">
    

    <div class="b-product-prices-block--loyalty">
    </div>

    <div>
        <div class="b-product-price-current" itemprop="priceCurrency" content="EUR">

            <span class="b-product-price-current-number"
                  itemprop="price"
                  content="1.18">
                €1,18
            </span>

            <link rel="external" itemprop="availability" href="http://schema.org/InStock" />
        </div>

            <del class="b-product-crossed-out-price">€1,69</del>

    </div>

    <div class="b-product-price--extra">


        <div>€11,80/kg</div>
    </div>

</div>
            </div>

            <div class="b-product-info-wrap">
                <div class="b-product clearfix">

                    <div class="b-product-promo-labels">




    <div class="b-product-promo-label-primary" promo-tooltip="Akcija galioja iki 2022-10-31">

<svg
    class="b-icon"
    
    style="" 
>
    <use xlink:href="#label-offer"></use>
</svg>                    <span class="b-product-promo-label-primary--percent">-30%</span>

    </div>

    
		<div class="b-product-promo-label-secondary b-product-promo-label-secondary--announcement-placeholder"></div>



</div>


                    <div class="b-product--info-icons">

                        <a href="/produktai/malti-juodieji-pipirai-sauda-100-g" class="b-product-title b-product-title--mobile b-link--product-info">Malti juodieji pipirai SAUDA, 100 g</a>
                        
                            <div class="b-product-promo-labels--mobile">
        
		<div class="b-product-promo-label-secondary b-product-promo-label-secondary--announcement-placeholder"></div>


    </div>

    <div class="b-product-goalgroups clearfix">









        <button class="b-icon-favourite"></button>
    </div>
    <span class="favourites-tooltip-placeholder"></span>

<div class="b-product-goalgroups b-product-goalgroup--vertical clearfix">

</div>

                    </div>

<div class="b-product-price-cart-link clearfix">
    <div class="b-product-cart-link clearfix">
        <div class="b-quantity-select--placeholder clearfix"></div>
    </div>
</div>

                </div>
            </div>


        </div>
        <div class="b-product--wrap2--cross-sell">
            <div class="b-product--wrap2--cross-sell-styles">
                <span>KARTU REKOMENDUOJAME</span>
                <span>
                    <button type="button" class="close" aria-label="Uždaryti">
                        <svg
    class="b-icon"
    
    style="" 
>
    <use xlink:href="#cross"></use>
</svg>
                    </button>
                </span>
            </div>
        </div>
</div>

                        
                        
                            

<div class="b-product--wrap2 b-product--desktop-grid" itemscope itemprop="isRelatedTo" itemtype="http://schema.org/Product">
        <div class="b-product--wrap clearfix b-product--js-hook   "
             data-b-root-cat-id="acb55842-a24c-44d1-b948-082e2cdb596b"
             data-b-item-id="000000000000660012"
             data-b-units='{"units": [{"id":0,"price":0.4300,"retail_price":0.8500,"unit":"vnt.","min":1.0,"max":10.0,"step":1.0,"defaultValue":1.0}]}'
             data-b-for-cart='{&quot;id&quot;:&quot;000000000000660012&quot;,&quot;product_position_in_list&quot;:1,&quot;title&quot;:&quot;Provanso žolelės KOTANYI, 17 g&quot;,&quot;category_id&quot;:&quot;7191f860-86cd-400d-92e2-2163452a97bc&quot;,&quot;category_name_full_path&quot;:&quot;Bakalėja/Prieskoniai/Žolelių mišiniai&quot;,&quot;root_category_id&quot;:&quot;acb55842-a24c-44d1-b948-082e2cdb596b&quot;,&quot;brand_name&quot;:&quot;Kot&#225;nyi&quot;,&quot;price&quot;:0.4300,&quot;image&quot;:&quot;https://cdn.barbora.lt/products/0a3abda7-6895-4f82-83c8-eb7bdafa6a17_s.png&quot;,&quot;comparative_unit&quot;:&quot;kg&quot;,&quot;comparative_unit_price&quot;:25.29,&quot;status&quot;:&quot;active&quot;,&quot;popUpText&quot;:null,&quot;age_limitation&quot;:null,&quot;picking_actions&quot;:[],&quot;list&quot;:&quot;Pagrindinis puslapis&quot;,&quot;sectionTitle&quot;:&quot;Ypatingi pasiūlymai&quot;,&quot;quantity&quot;:1.0}'
             style="position: relative">
            <div class="b-product-wrap-img">


                


                <a href="/produktai/provanso-zoleles-kotanyi-17-g" class="b-product--imagelink b-link--product-info" aria-hidden="true" tabindex="-1"><img itemprop="image" src="https://cdn.barbora.lt/products/0a3abda7-6895-4f82-83c8-eb7bdafa6a17_s.png" alt="Provanso žolelės KOTANYI, 17 g" /></a>
                <a href="/produktai/provanso-zoleles-kotanyi-17-g" class="b-product-title b-product-title--desktop b-link--product-info"><span itemprop="name">Provanso žolelės KOTANYI, 17 g</span></a>




<div class="b-product-prices-block" itemprop="offers" itemscope itemtype="http://schema.org/Offer">
    

    <div class="b-product-prices-block--loyalty">
    </div>

    <div>
        <div class="b-product-price-current" itemprop="priceCurrency" content="EUR">

            <span class="b-product-price-current-number"
                  itemprop="price"
                  content="0.43">
                €0,43
            </span>

            <link rel="external" itemprop="availability" href="http://schema.org/InStock" />
        </div>

            <del class="b-product-crossed-out-price">€0,85</del>

    </div>

    <div class="b-product-price--extra">


        <div>€25,29/kg</div>
    </div>

</div>
            </div>

            <div class="b-product-info-wrap">
                <div class="b-product clearfix">

                    <div class="b-product-promo-labels">




    <div class="b-product-promo-label-primary" promo-tooltip="Akcija galioja iki 2022-10-31">

<svg
    class="b-icon"
    
    style="" 
>
    <use xlink:href="#label-offer"></use>
</svg>                    <span class="b-product-promo-label-primary--percent">-50%</span>

    </div>

    
		<div class="b-product-promo-label-secondary b-product-promo-label-secondary--announcement-placeholder"></div>



</div>


                    <div class="b-product--info-icons">

                        <a href="/produktai/provanso-zoleles-kotanyi-17-g" class="b-product-title b-product-title--mobile b-link--product-info">Provanso žolelės KOTANYI, 17 g</a>
                        
                            <div class="b-product-promo-labels--mobile">
        
		<div class="b-product-promo-label-secondary b-product-promo-label-secondary--announcement-placeholder"></div>


    </div>

    <div class="b-product-goalgroups clearfix">









        <button class="b-icon-favourite"></button>
    </div>
    <span class="favourites-tooltip-placeholder"></span>

<div class="b-product-goalgroups b-product-goalgroup--vertical clearfix">

</div>

                    </div>

<div class="b-product-price-cart-link clearfix">
    <div class="b-product-cart-link clearfix">
        <div class="b-quantity-select--placeholder clearfix"></div>
    </div>
</div>

                </div>
            </div>


        </div>
        <div class="b-product--wrap2--cross-sell">
            <div class="b-product--wrap2--cross-sell-styles">
                <span>KARTU REKOMENDUOJAME</span>
                <span>
                    <button type="button" class="close" aria-label="Uždaryti">
                        <svg
    class="b-icon"
    
    style="" 
>
    <use xlink:href="#cross"></use>
</svg>
                    </button>
                </span>
            </div>
        </div>
</div>

                        
                        <script type="text/javascript">
                                // using var because of scope issues
                                var lgScreen = window.matchMedia("(min-width:768px)").matches;
                                if (lgScreen) {
                                    const ecommerceObj = {
                                        promoView: {
                                            promotions: [
                                                {
                                                    id: "56d98e49-062a-4832-a85b-dfaa0589de82",
                                                    name: "Dekstop_activia LT",
                                                    creative: "Mini skydelis pagrindiniame puslapyje prie produktų",
                                                    list: "Pagrindinis puslapis",
                                                    position: 2 + 1
                                                }
                                            ]
                                        }
                                    };
                                    window.reportUserActionToGtm("promotionView", ecommerceObj);
                                }
                        </script>
                        
                            <div class="b-product-card-banner--desktop-wrap">
                                


    <div class="banner-wrapper">
            <a href="/prekiu-grupe/activia" target="" class="b-internal-promo-link">
                <img src="https://cdn.barbora.lt/banners/9f19ceac-4416-48f7-85ac-d3ff0812f1e9.jpeg" alt="Dekstop_activia LT"  loading="lazy" data-b-internal-promo-meta='{"id": "56d98e49-062a-4832-a85b-dfaa0589de82", "name": "Dekstop_activia LT", "position": &quot;Mini skydelis pagrindiniame puslapyje prie produktų&quot;}' />
            </a>
    </div>

                            </div>
                        
                        <script type="text/javascript">
                                // using var because of scope issues
                                var mdScreen = window.matchMedia("(max-width:767px)").matches;
                                if (mdScreen) {
                                    const ecommerceObj = {
                                        promoView: {
                                            promotions: [
                                                {
                                                    id: "cb35301d-ee3b-4543-98dd-30e3e8375e48",
                                                    name: "Mobile_activia LT",
                                                    creative: "Mini skydelis pagrindiniame puslapyje prie produktų",
                                                    list: "Pagrindinis puslapis",
                                                    position: 2 + 1
                                                }
                                            ]
                                        }
                                    };
                                    window.reportUserActionToGtm("promotionView", ecommerceObj);
                                }
                        </script>
                        
                            <div class="b-product-card-banner--mobile-wrap">
                                


    <div class="banner-wrapper">
            <a href="/prekiu-grupe/activia" target="" class="b-internal-promo-link">
                <img src="https://cdn.barbora.lt/banners/6f42312e-cbbc-4284-82eb-0edc743d161c.jpeg" alt="Mobile_activia LT"  loading="lazy" data-b-internal-promo-meta='{"id": "cb35301d-ee3b-4543-98dd-30e3e8375e48", "name": "Mobile_activia LT", "position": &quot;Mini skydelis pagrindiniame puslapyje prie produktų&quot;}' />
            </a>
    </div>

                            </div>
                        
                        
                            

<div class="b-product--wrap2 b-product--desktop-grid" itemscope itemprop="isRelatedTo" itemtype="http://schema.org/Product">
        <div class="b-product--wrap clearfix b-product--js-hook   "
             data-b-root-cat-id="acb55842-a24c-44d1-b948-082e2cdb596b"
             data-b-item-id="000000000001254522"
             data-b-units='{"units": [{"id":0,"price":1.9900,"retail_price":2.9900,"unit":"vnt.","min":1.0,"max":8.0,"step":1.0,"defaultValue":1.0}]}'
             data-b-for-cart='{&quot;id&quot;:&quot;000000000001254522&quot;,&quot;product_position_in_list&quot;:3,&quot;title&quot;:&quot;Sūdytos karamelės ir šok.sk. bat. GRENADE su pien. šokoladu, 60 g&quot;,&quot;category_id&quot;:&quot;7c5010bc-1d72-4fc4-b223-599dd334a490&quot;,&quot;category_name_full_path&quot;:&quot;Bakalėja/Specialusis maistas/Funkcinis maistas&quot;,&quot;root_category_id&quot;:&quot;acb55842-a24c-44d1-b948-082e2cdb596b&quot;,&quot;brand_name&quot;:&quot;GRENADE CARB KILLA&quot;,&quot;price&quot;:1.9900,&quot;image&quot;:&quot;https://cdn.barbora.lt/products/0e0b10cc-876d-417d-94e5-e728dc86b0e0_s.png&quot;,&quot;comparative_unit&quot;:&quot;kg&quot;,&quot;comparative_unit_price&quot;:33.17,&quot;status&quot;:&quot;active&quot;,&quot;popUpText&quot;:null,&quot;age_limitation&quot;:null,&quot;picking_actions&quot;:[],&quot;list&quot;:&quot;Pagrindinis puslapis&quot;,&quot;sectionTitle&quot;:&quot;Ypatingi pasiūlymai&quot;,&quot;quantity&quot;:1.0}'
             style="position: relative">
            <div class="b-product-wrap-img">


                


                <a href="/produktai/sudytos-karameles-ir-sok-sk-bat-grenade-su-pien-sokoladu-60-g" class="b-product--imagelink b-link--product-info" aria-hidden="true" tabindex="-1"><img itemprop="image" src="https://cdn.barbora.lt/products/0e0b10cc-876d-417d-94e5-e728dc86b0e0_s.png" alt="Sūdytos karamelės ir šok.sk. bat. GRENADE su pien. šokoladu, 60 g" /></a>
                <a href="/produktai/sudytos-karameles-ir-sok-sk-bat-grenade-su-pien-sokoladu-60-g" class="b-product-title b-product-title--desktop b-link--product-info"><span itemprop="name">Sūdytos karamelės ir šok.sk. bat. GRENADE su pien. šokoladu, 60 g</span></a>




<div class="b-product-prices-block" itemprop="offers" itemscope itemtype="http://schema.org/Offer">
    

    <div class="b-product-prices-block--loyalty">
    </div>

    <div>
        <div class="b-product-price-current" itemprop="priceCurrency" content="EUR">

            <span class="b-product-price-current-number"
                  itemprop="price"
                  content="1.99">
                €1,99
            </span>

            <link rel="external" itemprop="availability" href="http://schema.org/InStock" />
        </div>

            <del class="b-product-crossed-out-price">€2,99</del>

    </div>

    <div class="b-product-price--extra">


        <div>€33,17/kg</div>
    </div>

</div>
            </div>

            <div class="b-product-info-wrap">
                <div class="b-product clearfix">

                    <div class="b-product-promo-labels">




    <div class="b-product-promo-label-primary" promo-tooltip="Akcija galioja iki 2022-10-31">

<svg
    class="b-icon"
    
    style="" 
>
    <use xlink:href="#label-offer-percent"></use>
</svg>
    </div>

    
		<div class="b-product-promo-label-secondary b-product-promo-label-secondary--announcement-placeholder"></div>



</div>


                    <div class="b-product--info-icons">

                        <a href="/produktai/sudytos-karameles-ir-sok-sk-bat-grenade-su-pien-sokoladu-60-g" class="b-product-title b-product-title--mobile b-link--product-info">Sūdytos karamelės ir šok.sk. bat. GRENADE su pien. šokoladu, 60 g</a>
                        
                            <div class="b-product-promo-labels--mobile">
        
		<div class="b-product-promo-label-secondary b-product-promo-label-secondary--announcement-placeholder"></div>


    </div>

    <div class="b-product-goalgroups clearfix">









        <button class="b-icon-favourite"></button>
    </div>
    <span class="favourites-tooltip-placeholder"></span>

<div class="b-product-goalgroups b-product-goalgroup--vertical clearfix">

</div>

                    </div>

<div class="b-product-price-cart-link clearfix">
    <div class="b-product-cart-link clearfix">
        <div class="b-quantity-select--placeholder clearfix"></div>
    </div>
</div>

                </div>
            </div>


        </div>
        <div class="b-product--wrap2--cross-sell">
            <div class="b-product--wrap2--cross-sell-styles">
                <span>KARTU REKOMENDUOJAME</span>
                <span>
                    <button type="button" class="close" aria-label="Uždaryti">
                        <svg
    class="b-icon"
    
    style="" 
>
    <use xlink:href="#cross"></use>
</svg>
                    </button>
                </span>
            </div>
        </div>
</div>

                        
                        
                            

<div class="b-product--wrap2 b-product--desktop-grid" itemscope itemprop="isRelatedTo" itemtype="http://schema.org/Product">
        <div class="b-product--wrap clearfix b-product--js-hook   "
             data-b-root-cat-id="acb55842-a24c-44d1-b948-082e2cdb596b"
             data-b-item-id="000000000001301750"
             data-b-units='{"units": [{"id":0,"price":3.4200,"retail_price":4.8900,"unit":"vnt.","min":1.0,"max":6.0,"step":1.0,"defaultValue":1.0}]}'
             data-b-for-cart='{&quot;id&quot;:&quot;000000000001301750&quot;,&quot;product_position_in_list&quot;:4,&quot;title&quot;:&quot;Maltos kavos kapsulės L&#39;OR LIMITED CREATIONS, 10 vnt., 52 g&quot;,&quot;category_id&quot;:&quot;08384032-ed6e-4123-8d77-61a8cd636c7f&quot;,&quot;category_name_full_path&quot;:&quot;Bakalėja/Kava, kavos gėrimai ir kakava/Kavos kapsulės NESPRESSO&#174; aparatams&quot;,&quot;root_category_id&quot;:&quot;acb55842-a24c-44d1-b948-082e2cdb596b&quot;,&quot;brand_name&quot;:&quot;L&#39;OR&quot;,&quot;price&quot;:3.4200,&quot;image&quot;:&quot;https://cdn.barbora.lt/products/cee3b4bf-8467-403d-bc4b-7511526ddc4b_s.png&quot;,&quot;comparative_unit&quot;:&quot;kg&quot;,&quot;comparative_unit_price&quot;:65.77,&quot;status&quot;:&quot;active&quot;,&quot;popUpText&quot;:null,&quot;age_limitation&quot;:null,&quot;picking_actions&quot;:[],&quot;list&quot;:&quot;Pagrindinis puslapis&quot;,&quot;sectionTitle&quot;:&quot;Ypatingi pasiūlymai&quot;,&quot;quantity&quot;:1.0}'
             style="position: relative">
            <div class="b-product-wrap-img">


                


                <a href="/produktai/maltos-kavos-kapsules-l-or-limited-creations-10-vnt-52-g" class="b-product--imagelink b-link--product-info" aria-hidden="true" tabindex="-1"><img itemprop="image" src="https://cdn.barbora.lt/products/cee3b4bf-8467-403d-bc4b-7511526ddc4b_s.png" alt="Maltos kavos kapsulės L&#39;OR LIMITED CREATIONS, 10 vnt., 52 g" /></a>
                <a href="/produktai/maltos-kavos-kapsules-l-or-limited-creations-10-vnt-52-g" class="b-product-title b-product-title--desktop b-link--product-info"><span itemprop="name">Maltos kavos kapsulės L&#39;OR LIMITED CREATIONS, 10 vnt., 52 g</span></a>




<div class="b-product-prices-block" itemprop="offers" itemscope itemtype="http://schema.org/Offer">
    

    <div class="b-product-prices-block--loyalty">
    </div>

    <div>
        <div class="b-product-price-current" itemprop="priceCurrency" content="EUR">

            <span class="b-product-price-current-number"
                  itemprop="price"
                  content="3.42">
                €3,42
            </span>

            <link rel="external" itemprop="availability" href="http://schema.org/InStock" />
        </div>

            <del class="b-product-crossed-out-price">€4,89</del>

    </div>

    <div class="b-product-price--extra">


        <div>€65,77/kg</div>
    </div>

</div>
            </div>

            <div class="b-product-info-wrap">
                <div class="b-product clearfix">

                    <div class="b-product-promo-labels">




    <div class="b-product-promo-label-primary" promo-tooltip="Akcija galioja iki 2022-10-31">

<svg
    class="b-icon"
    
    style="" 
>
    <use xlink:href="#label-offer"></use>
</svg>                    <span class="b-product-promo-label-primary--percent">-30%</span>

    </div>

    
		<div class="b-product-promo-label-secondary b-product-promo-label-secondary--announcement-placeholder"></div>



</div>


                    <div class="b-product--info-icons">

                        <a href="/produktai/maltos-kavos-kapsules-l-or-limited-creations-10-vnt-52-g" class="b-product-title b-product-title--mobile b-link--product-info">Maltos kavos kapsulės L&#39;OR LIMITED CREATIONS, 10 vnt., 52 g</a>
                        
                            <div class="b-product-promo-labels--mobile">
        
		<div class="b-product-promo-label-secondary b-product-promo-label-secondary--announcement-placeholder"></div>


    </div>

    <div class="b-product-goalgroups clearfix">









        <button class="b-icon-favourite"></button>
    </div>
    <span class="favourites-tooltip-placeholder"></span>

<div class="b-product-goalgroups b-product-goalgroup--vertical clearfix">

</div>

                    </div>

<div class="b-product-price-cart-link clearfix">
    <div class="b-product-cart-link clearfix">
        <div class="b-quantity-select--placeholder clearfix"></div>
    </div>
</div>

                </div>
            </div>


        </div>
        <div class="b-product--wrap2--cross-sell">
            <div class="b-product--wrap2--cross-sell-styles">
                <span>KARTU REKOMENDUOJAME</span>
                <span>
                    <button type="button" class="close" aria-label="Uždaryti">
                        <svg
    class="b-icon"
    
    style="" 
>
    <use xlink:href="#cross"></use>
</svg>
                    </button>
                </span>
            </div>
        </div>
</div>

                        
                        
                            

<div class="b-product--wrap2 b-product--desktop-grid" itemscope itemprop="isRelatedTo" itemtype="http://schema.org/Product">
        <div class="b-product--wrap clearfix b-product--js-hook   "
             data-b-root-cat-id="2456a910-eacb-4537-b214-17ed21682888"
             data-b-item-id="000000000000701274"
             data-b-units='{"units": [{"id":0,"price":3.1500,"retail_price":3.2900,"unit":"vnt.","min":1.0,"max":4.0,"step":1.0,"defaultValue":1.0}]}'
             data-b-for-cart='{&quot;id&quot;:&quot;000000000000701274&quot;,&quot;product_position_in_list&quot;:5,&quot;title&quot;:&quot;Ekologiški pomidorai (fas.), 500 g&quot;,&quot;category_id&quot;:&quot;04005a5f-97ea-403c-9d25-881915e200f3&quot;,&quot;category_name_full_path&quot;:&quot;Daržovės ir vaisiai/Daržovės/Pomidorai ir agurkai&quot;,&quot;root_category_id&quot;:&quot;2456a910-eacb-4537-b214-17ed21682888&quot;,&quot;brand_name&quot;:&quot;EKOLOGICA&quot;,&quot;price&quot;:3.1500,&quot;image&quot;:&quot;https://cdn.barbora.lt/products/341cd9ac-c301-45ff-8dc9-472b110afe0f_s.png&quot;,&quot;comparative_unit&quot;:&quot;kg&quot;,&quot;comparative_unit_price&quot;:6.30,&quot;status&quot;:&quot;active&quot;,&quot;popUpText&quot;:null,&quot;age_limitation&quot;:null,&quot;picking_actions&quot;:[],&quot;list&quot;:&quot;Pagrindinis puslapis&quot;,&quot;sectionTitle&quot;:&quot;Ypatingi pasiūlymai&quot;,&quot;quantity&quot;:1.0}'
             style="position: relative">
            <div class="b-product-wrap-img">


                


                <a href="/produktai/ekologiski-pomidorai-fas-500-g" class="b-product--imagelink b-link--product-info" aria-hidden="true" tabindex="-1"><img itemprop="image" src="https://cdn.barbora.lt/products/341cd9ac-c301-45ff-8dc9-472b110afe0f_s.png" alt="Ekologiški pomidorai (fas.), 500 g" /></a>
                <a href="/produktai/ekologiski-pomidorai-fas-500-g" class="b-product-title b-product-title--desktop b-link--product-info"><span itemprop="name">Ekologiški pomidorai (fas.), 500 g</span></a>




<div class="b-product-prices-block" itemprop="offers" itemscope itemtype="http://schema.org/Offer">
    

    <div class="b-product-prices-block--loyalty">
    </div>

    <div>
        <div class="b-product-price-current" itemprop="priceCurrency" content="EUR">

            <span class="b-product-price-current-number"
                  itemprop="price"
                  content="3.15">
                €3,15
            </span>

            <link rel="external" itemprop="availability" href="http://schema.org/InStock" />
        </div>

            <del class="b-product-crossed-out-price">€3,29</del>

    </div>

    <div class="b-product-price--extra">


        <div>€6,30/kg</div>
    </div>

</div>
            </div>

            <div class="b-product-info-wrap">
                <div class="b-product clearfix">

                    <div class="b-product-promo-labels">




    <div class="b-product-promo-label-primary" promo-tooltip="Akcija galioja iki 2022-10-29">

<svg
    class="b-icon"
    
    style="" 
>
    <use xlink:href="#label-offer-percent"></use>
</svg>
    </div>

    



</div>


                    <div class="b-product--info-icons">

                        <a href="/produktai/ekologiski-pomidorai-fas-500-g" class="b-product-title b-product-title--mobile b-link--product-info">Ekologiški pomidorai (fas.), 500 g</a>
                        
                            <div class="b-product-promo-labels--mobile">
        


    </div>

    <div class="b-product-goalgroups clearfix">




                <span class="eko-tooltip-placeholder"></span>





        <button class="b-icon-favourite"></button>
    </div>
    <span class="favourites-tooltip-placeholder"></span>

<div class="b-product-goalgroups b-product-goalgroup--vertical clearfix">

</div>

                    </div>

<div class="b-product-price-cart-link clearfix">
    <div class="b-product-cart-link clearfix">
        <div class="b-quantity-select--placeholder clearfix"></div>
    </div>
</div>

                </div>
            </div>


        </div>
        <div class="b-product--wrap2--cross-sell">
            <div class="b-product--wrap2--cross-sell-styles">
                <span>KARTU REKOMENDUOJAME</span>
                <span>
                    <button type="button" class="close" aria-label="Uždaryti">
                        <svg
    class="b-icon"
    
    style="" 
>
    <use xlink:href="#cross"></use>
</svg>
                    </button>
                </span>
            </div>
        </div>
</div>

                        
                        
                            

<div class="b-product--wrap2 b-product--desktop-grid" itemscope itemprop="isRelatedTo" itemtype="http://schema.org/Product">
        <div class="b-product--wrap clearfix b-product--js-hook   "
             data-b-root-cat-id="2456a910-eacb-4537-b214-17ed21682888"
             data-b-item-id="000000000001185947"
             data-b-units='{"units": [{"id":0,"price":4.9900,"retail_price":7.9900,"unit":"vnt.","min":1.0,"max":3.0,"step":1.0,"defaultValue":1.0}]}'
             data-b-for-cart='{&quot;id&quot;:&quot;000000000001185947&quot;,&quot;product_position_in_list&quot;:6,&quot;title&quot;:&quot;Šilauogės, 500 g&quot;,&quot;category_id&quot;:&quot;bfc96f6f-9786-481e-90c2-e73dd5d6a8f5&quot;,&quot;category_name_full_path&quot;:&quot;Daržovės ir vaisiai/Vaisiai ir uogos/Vynuogės ir uogos&quot;,&quot;root_category_id&quot;:&quot;2456a910-eacb-4537-b214-17ed21682888&quot;,&quot;brand_name&quot;:&quot;&quot;,&quot;price&quot;:4.9900,&quot;image&quot;:&quot;https://cdn.barbora.lt/products/70d2207b-83f6-466a-a146-64a0d29a7869_s.png&quot;,&quot;comparative_unit&quot;:&quot;kg&quot;,&quot;comparative_unit_price&quot;:9.98,&quot;status&quot;:&quot;active&quot;,&quot;popUpText&quot;:null,&quot;age_limitation&quot;:null,&quot;picking_actions&quot;:[],&quot;list&quot;:&quot;Pagrindinis puslapis&quot;,&quot;sectionTitle&quot;:&quot;Ypatingi pasiūlymai&quot;,&quot;quantity&quot;:1.0}'
             style="position: relative">
            <div class="b-product-wrap-img">


                


                <a href="/produktai/silauoges-500-g" class="b-product--imagelink b-link--product-info" aria-hidden="true" tabindex="-1"><img itemprop="image" src="https://cdn.barbora.lt/products/70d2207b-83f6-466a-a146-64a0d29a7869_s.png" alt="Šilauogės, 500 g" /></a>
                <a href="/produktai/silauoges-500-g" class="b-product-title b-product-title--desktop b-link--product-info"><span itemprop="name">Šilauogės, 500 g</span></a>




<div class="b-product-prices-block" itemprop="offers" itemscope itemtype="http://schema.org/Offer">
    

    <div class="b-product-prices-block--loyalty">
    </div>

    <div>
        <div class="b-product-price-current" itemprop="priceCurrency" content="EUR">

            <span class="b-product-price-current-number"
                  itemprop="price"
                  content="4.99">
                €4,99
            </span>

            <link rel="external" itemprop="availability" href="http://schema.org/InStock" />
        </div>

            <del class="b-product-crossed-out-price">€7,99</del>

    </div>

    <div class="b-product-price--extra">


        <div>€9,98/kg</div>
    </div>

</div>
            </div>

            <div class="b-product-info-wrap">
                <div class="b-product clearfix">

                    <div class="b-product-promo-labels">




    <div class="b-product-promo-label-primary" promo-tooltip="Akcija galioja iki 2022-10-27">

<svg
    class="b-icon"
    
    style="" 
>
    <use xlink:href="#label-offer-percent"></use>
</svg>
    </div>

    
		<div class="b-product-promo-label-secondary b-product-promo-label-secondary--new-placeholder"></div>



</div>


                    <div class="b-product--info-icons">

                        <a href="/produktai/silauoges-500-g" class="b-product-title b-product-title--mobile b-link--product-info">Šilauogės, 500 g</a>
                        
                            <div class="b-product-promo-labels--mobile">
        
		<div class="b-product-promo-label-secondary b-product-promo-label-secondary--new-placeholder"></div>


    </div>

    <div class="b-product-goalgroups clearfix">









        <button class="b-icon-favourite"></button>
    </div>
    <span class="favourites-tooltip-placeholder"></span>

<div class="b-product-goalgroups b-product-goalgroup--vertical clearfix">

</div>

                    </div>

<div class="b-product-price-cart-link clearfix">
    <div class="b-product-cart-link clearfix">
        <div class="b-quantity-select--placeholder clearfix"></div>
    </div>
</div>

                </div>
            </div>


        </div>
        <div class="b-product--wrap2--cross-sell">
            <div class="b-product--wrap2--cross-sell-styles">
                <span>KARTU REKOMENDUOJAME</span>
                <span>
                    <button type="button" class="close" aria-label="Uždaryti">
                        <svg
    class="b-icon"
    
    style="" 
>
    <use xlink:href="#cross"></use>
</svg>
                    </button>
                </span>
            </div>
        </div>
</div>

                        
                        
                            

<div class="b-product--wrap2 b-product--desktop-grid" itemscope itemprop="isRelatedTo" itemtype="http://schema.org/Product">
        <div class="b-product--wrap clearfix b-product--js-hook   "
             data-b-root-cat-id="4285f7d7-5d92-4eb2-a85c-4772fed50091"
             data-b-item-id="000000000000136878"
             data-b-units='{"units": [{"id":0,"price":1.2500,"retail_price":1.3900,"unit":"vnt.","min":1.0,"max":8.0,"step":1.0,"defaultValue":1.0}]}'
             data-b-for-cart='{&quot;id&quot;:&quot;000000000000136878&quot;,&quot;product_position_in_list&quot;:7,&quot;title&quot;:&quot;Pusriebis Rokiškio NAMINIS pienas, 2,5% rieb., 900 ml&quot;,&quot;category_id&quot;:&quot;40956cf9-dd22-4337-9b46-2137da7290d2&quot;,&quot;category_name_full_path&quot;:&quot;Pieno gaminiai ir kiaušiniai/Pienas/Pasterizuotas pienas&quot;,&quot;root_category_id&quot;:&quot;4285f7d7-5d92-4eb2-a85c-4772fed50091&quot;,&quot;brand_name&quot;:&quot;Rokiškio NAMINIS&quot;,&quot;price&quot;:1.2500,&quot;image&quot;:&quot;https://cdn.barbora.lt/products/50d89af0-bbb5-4bb4-b707-bf6bcdb8e94d_s.png&quot;,&quot;comparative_unit&quot;:&quot;l&quot;,&quot;comparative_unit_price&quot;:1.39,&quot;status&quot;:&quot;active&quot;,&quot;popUpText&quot;:null,&quot;age_limitation&quot;:null,&quot;picking_actions&quot;:[],&quot;list&quot;:&quot;Pagrindinis puslapis&quot;,&quot;sectionTitle&quot;:&quot;Ypatingi pasiūlymai&quot;,&quot;quantity&quot;:1.0}'
             style="position: relative">
            <div class="b-product-wrap-img">


                


                <a href="/produktai/pusriebis-rokiskio-naminis-pienas-2-5-proc-rieb-900-ml" class="b-product--imagelink b-link--product-info" aria-hidden="true" tabindex="-1"><img itemprop="image" src="https://cdn.barbora.lt/products/50d89af0-bbb5-4bb4-b707-bf6bcdb8e94d_s.png" alt="Pusriebis Rokiškio NAMINIS pienas, 2,5% rieb., 900 ml" /></a>
                <a href="/produktai/pusriebis-rokiskio-naminis-pienas-2-5-proc-rieb-900-ml" class="b-product-title b-product-title--desktop b-link--product-info"><span itemprop="name">Pusriebis Rokiškio NAMINIS pienas, 2,5% rieb., 900 ml</span></a>




<div class="b-product-prices-block" itemprop="offers" itemscope itemtype="http://schema.org/Offer">
    

    <div class="b-product-prices-block--loyalty">
    </div>

    <div>
        <div class="b-product-price-current" itemprop="priceCurrency" content="EUR">

            <span class="b-product-price-current-number"
                  itemprop="price"
                  content="1.25">
                €1,25
            </span>

            <link rel="external" itemprop="availability" href="http://schema.org/InStock" />
        </div>

            <del class="b-product-crossed-out-price">€1,39</del>

    </div>

    <div class="b-product-price--extra">


        <div>€1,39/l</div>
    </div>

</div>
            </div>

            <div class="b-product-info-wrap">
                <div class="b-product clearfix">

                    <div class="b-product-promo-labels">




    <div class="b-product-promo-label-primary" promo-tooltip="Akcija galioja iki 2022-10-31">

<svg
    class="b-icon"
    
    style="" 
>
    <use xlink:href="#label-offer-percent"></use>
</svg>
    </div>

    



</div>


                    <div class="b-product--info-icons">

                        <a href="/produktai/pusriebis-rokiskio-naminis-pienas-2-5-proc-rieb-900-ml" class="b-product-title b-product-title--mobile b-link--product-info">Pusriebis Rokiškio NAMINIS pienas, 2,5% rieb., 900 ml</a>
                        
                            <div class="b-product-promo-labels--mobile">
        


    </div>

    <div class="b-product-goalgroups clearfix">









        <button class="b-icon-favourite"></button>
    </div>
    <span class="favourites-tooltip-placeholder"></span>

<div class="b-product-goalgroups b-product-goalgroup--vertical clearfix">

</div>

                    </div>

<div class="b-product-price-cart-link clearfix">
    <div class="b-product-cart-link clearfix">
        <div class="b-quantity-select--placeholder clearfix"></div>
    </div>
</div>

                </div>
            </div>


        </div>
        <div class="b-product--wrap2--cross-sell">
            <div class="b-product--wrap2--cross-sell-styles">
                <span>KARTU REKOMENDUOJAME</span>
                <span>
                    <button type="button" class="close" aria-label="Uždaryti">
                        <svg
    class="b-icon"
    
    style="" 
>
    <use xlink:href="#cross"></use>
</svg>
                    </button>
                </span>
            </div>
        </div>
</div>

                        
            </div>



<script type="text/javascript">
    var products = [{"attributes":{"list":[]},"picking_actions":[],"units":[{"id":0,"price":1.1800,"retail_price":1.6900,"unit":"vnt.","min":1.0,"max":6.0,"step":1.0,"defaultValue":1.0}],"is_adult":false,"inFavorites":false,"extra":{"is_sellout":true,"discount":30.0,"buy_x_quantity_for_y_price_promo":null,"maxi_pack_price_promo":null,"is_with_card":false,"extra_loyalty_points":null,"is_new":false,"is_top":true,"is_time":null,"is_today":false,"is_gift_available":false,"is_not_available_for_cnc":false,"is_not_available_for_pup":false},"show_promo_label":true,"show_promo_price":true,"giftsCampaignItems":null,"segment_id":null,"id":"000000000000442040","title":"Malti juodieji pipirai SAUDA, 100 g","category_id":"1c0dcece-9749-4f43-9a27-2d4145022c58","category_name_full_path":"Bakalėja/Prieskoniai/Pipirai","category_path_url":"bakaleja/prieskoniai/pipirai","root_category_id":"acb55842-a24c-44d1-b948-082e2cdb596b","brand_name":"SAUDA","brand_id":4569,"shopcode":"X500","price":1.1800,"retail_price":1.6900,"image":"https://cdn.barbora.lt/products/030b7a68-b504-4e3b-b8ea-6997725b35f4_s.png","big_image":"https://cdn.barbora.lt/products/030b7a68-b504-4e3b-b8ea-6997725b35f4_m.png","comparative_unit":"kg","comparative_unit_price":11.80,"status":"active","GiftsCampaignItems":null,"own_inventory":false,"ShowInOffersTo":"2022-10-31T00:00:00","Url":"malti-juodieji-pipirai-sauda-100-g","ExternalSuppliers":null,"is_made_in_Eu":false,"is_made_in_Home_Country":false,"is_available_for_donations":false},{"attributes":{"list":[]},"picking_actions":[],"units":[{"id":0,"price":0.4300,"retail_price":0.8500,"unit":"vnt.","min":1.0,"max":10.0,"step":1.0,"defaultValue":1.0}],"is_adult":false,"inFavorites":false,"extra":{"is_sellout":true,"discount":50.0,"buy_x_quantity_for_y_price_promo":null,"maxi_pack_price_promo":null,"is_with_card":false,"extra_loyalty_points":null,"is_new":false,"is_top":true,"is_time":null,"is_today":false,"is_gift_available":false,"is_not_available_for_cnc":false,"is_not_available_for_pup":false},"show_promo_label":true,"show_promo_price":true,"giftsCampaignItems":null,"segment_id":null,"id":"000000000000660012","title":"Provanso žolelės KOTANYI, 17 g","category_id":"7191f860-86cd-400d-92e2-2163452a97bc","category_name_full_path":"Bakalėja/Prieskoniai/Žolelių mišiniai","category_path_url":"bakaleja/prieskoniai/zoleliu-misiniai","root_category_id":"acb55842-a24c-44d1-b948-082e2cdb596b","brand_name":"Kotányi","brand_id":2526,"shopcode":"X500","price":0.4300,"retail_price":0.8500,"image":"https://cdn.barbora.lt/products/0a3abda7-6895-4f82-83c8-eb7bdafa6a17_s.png","big_image":"https://cdn.barbora.lt/products/0a3abda7-6895-4f82-83c8-eb7bdafa6a17_m.png","comparative_unit":"kg","comparative_unit_price":25.29,"status":"active","GiftsCampaignItems":null,"own_inventory":false,"ShowInOffersTo":"2022-10-31T00:00:00","Url":"provanso-zoleles-kotanyi-17-g","ExternalSuppliers":null,"is_made_in_Eu":false,"is_made_in_Home_Country":false,"is_available_for_donations":false},{"attributes":{"list":[]},"picking_actions":[],"units":[{"id":0,"price":1.9900,"retail_price":2.9900,"unit":"vnt.","min":1.0,"max":8.0,"step":1.0,"defaultValue":1.0}],"is_adult":false,"inFavorites":false,"extra":{"is_sellout":true,"discount":0.0,"buy_x_quantity_for_y_price_promo":null,"maxi_pack_price_promo":null,"is_with_card":false,"extra_loyalty_points":null,"is_new":false,"is_top":true,"is_time":null,"is_today":false,"is_gift_available":false,"is_not_available_for_cnc":false,"is_not_available_for_pup":false},"show_promo_label":true,"show_promo_price":true,"giftsCampaignItems":null,"segment_id":null,"id":"000000000001254522","title":"Sūdytos karamelės ir šok.sk. bat. GRENADE su pien. šokoladu, 60 g","category_id":"7c5010bc-1d72-4fc4-b223-599dd334a490","category_name_full_path":"Bakalėja/Specialusis maistas/Funkcinis maistas","category_path_url":"bakaleja/specialusis-maistas/funkcinis-maistas","root_category_id":"acb55842-a24c-44d1-b948-082e2cdb596b","brand_name":"GRENADE CARB KILLA","brand_id":4550,"shopcode":"X500","price":1.9900,"retail_price":2.9900,"image":"https://cdn.barbora.lt/products/0e0b10cc-876d-417d-94e5-e728dc86b0e0_s.png","big_image":"https://cdn.barbora.lt/products/0e0b10cc-876d-417d-94e5-e728dc86b0e0_m.png","comparative_unit":"kg","comparative_unit_price":33.17,"status":"active","GiftsCampaignItems":null,"own_inventory":false,"ShowInOffersTo":"2022-10-31T00:00:00","Url":"sudytos-karameles-ir-sok-sk-bat-grenade-su-pien-sokoladu-60-g","ExternalSuppliers":null,"is_made_in_Eu":false,"is_made_in_Home_Country":false,"is_available_for_donations":false},{"attributes":{"list":[]},"picking_actions":[],"units":[{"id":0,"price":3.4200,"retail_price":4.8900,"unit":"vnt.","min":1.0,"max":6.0,"step":1.0,"defaultValue":1.0}],"is_adult":false,"inFavorites":false,"extra":{"is_sellout":true,"discount":30.0,"buy_x_quantity_for_y_price_promo":null,"maxi_pack_price_promo":null,"is_with_card":false,"extra_loyalty_points":null,"is_new":false,"is_top":true,"is_time":null,"is_today":false,"is_gift_available":false,"is_not_available_for_cnc":false,"is_not_available_for_pup":false},"show_promo_label":true,"show_promo_price":true,"giftsCampaignItems":null,"segment_id":null,"id":"000000000001301750","title":"Maltos kavos kapsulės L'OR LIMITED CREATIONS, 10 vnt., 52 g","category_id":"08384032-ed6e-4123-8d77-61a8cd636c7f","category_name_full_path":"Bakalėja/Kava, kavos gėrimai ir kakava/Kavos kapsulės NESPRESSO® aparatams","category_path_url":"bakaleja/kava-kavos-gerimai-ir-kakava/kavos-kapsules-nespresso-aparatams","root_category_id":"acb55842-a24c-44d1-b948-082e2cdb596b","brand_name":"L'OR","brand_id":4253,"shopcode":"X500","price":3.4200,"retail_price":4.8900,"image":"https://cdn.barbora.lt/products/cee3b4bf-8467-403d-bc4b-7511526ddc4b_s.png","big_image":"https://cdn.barbora.lt/products/cee3b4bf-8467-403d-bc4b-7511526ddc4b_m.png","comparative_unit":"kg","comparative_unit_price":65.77,"status":"active","GiftsCampaignItems":null,"own_inventory":false,"ShowInOffersTo":"2022-10-31T00:00:00","Url":"maltos-kavos-kapsules-l-or-limited-creations-10-vnt-52-g","ExternalSuppliers":null,"is_made_in_Eu":false,"is_made_in_Home_Country":false,"is_available_for_donations":false},{"attributes":{"list":[],"additional":{"sugar_free":false,"e_free":false,"lactose_free":false,"gluten_free":false,"eco":true,"frozen":false,"is_for_vegetarians":false,"mince":false,"thin_slice":false,"disembowel":false}},"picking_actions":[],"units":[{"id":0,"price":3.1500,"retail_price":3.2900,"unit":"vnt.","min":1.0,"max":4.0,"step":1.0,"defaultValue":1.0}],"is_adult":false,"inFavorites":false,"extra":{"is_sellout":true,"discount":0.0,"buy_x_quantity_for_y_price_promo":null,"maxi_pack_price_promo":null,"is_with_card":false,"extra_loyalty_points":null,"is_new":false,"is_top":false,"is_time":null,"is_today":false,"is_gift_available":false,"is_not_available_for_cnc":false,"is_not_available_for_pup":false},"show_promo_label":true,"show_promo_price":true,"giftsCampaignItems":null,"segment_id":null,"id":"000000000000701274","title":"Ekologiški pomidorai (fas.), 500 g","category_id":"04005a5f-97ea-403c-9d25-881915e200f3","category_name_full_path":"Daržovės ir vaisiai/Daržovės/Pomidorai ir agurkai","category_path_url":"darzoves-ir-vaisiai/darzoves/pomidorai-ir-agurkai","root_category_id":"2456a910-eacb-4537-b214-17ed21682888","brand_name":"EKOLOGICA","brand_id":4532,"shopcode":"X500","price":3.1500,"retail_price":3.2900,"image":"https://cdn.barbora.lt/products/341cd9ac-c301-45ff-8dc9-472b110afe0f_s.png","big_image":"https://cdn.barbora.lt/products/341cd9ac-c301-45ff-8dc9-472b110afe0f_m.png","comparative_unit":"kg","comparative_unit_price":6.30,"status":"active","GiftsCampaignItems":null,"own_inventory":false,"ShowInOffersTo":"2022-10-29T00:00:00","Url":"ekologiski-pomidorai-fas-500-g","ExternalSuppliers":null,"is_made_in_Eu":true,"is_made_in_Home_Country":false,"is_available_for_donations":false},{"attributes":{"list":[]},"picking_actions":[],"units":[{"id":0,"price":4.9900,"retail_price":7.9900,"unit":"vnt.","min":1.0,"max":3.0,"step":1.0,"defaultValue":1.0}],"is_adult":false,"inFavorites":false,"extra":{"is_sellout":true,"discount":0.0,"buy_x_quantity_for_y_price_promo":null,"maxi_pack_price_promo":null,"is_with_card":false,"extra_loyalty_points":null,"is_new":true,"is_top":false,"is_time":null,"is_today":false,"is_gift_available":false,"is_not_available_for_cnc":false,"is_not_available_for_pup":false},"show_promo_label":true,"show_promo_price":true,"giftsCampaignItems":null,"segment_id":null,"id":"000000000001185947","title":"Šilauogės, 500 g","category_id":"bfc96f6f-9786-481e-90c2-e73dd5d6a8f5","category_name_full_path":"Daržovės ir vaisiai/Vaisiai ir uogos/Vynuogės ir uogos","category_path_url":"darzoves-ir-vaisiai/vaisiai-ir-uogos/vynuoges-ir-uogos","root_category_id":"2456a910-eacb-4537-b214-17ed21682888","brand_name":"","brand_id":null,"shopcode":"X500","price":4.9900,"retail_price":7.9900,"image":"https://cdn.barbora.lt/products/70d2207b-83f6-466a-a146-64a0d29a7869_s.png","big_image":"https://cdn.barbora.lt/products/70d2207b-83f6-466a-a146-64a0d29a7869_m.png","comparative_unit":"kg","comparative_unit_price":9.98,"status":"active","GiftsCampaignItems":null,"own_inventory":false,"ShowInOffersTo":"2022-10-27T00:00:00","Url":"silauoges-500-g","ExternalSuppliers":null,"is_made_in_Eu":false,"is_made_in_Home_Country":false,"is_available_for_donations":false},{"attributes":{"list":[]},"picking_actions":[],"units":[{"id":0,"price":1.2500,"retail_price":1.3900,"unit":"vnt.","min":1.0,"max":8.0,"step":1.0,"defaultValue":1.0}],"is_adult":false,"inFavorites":false,"extra":{"is_sellout":true,"discount":0.0,"buy_x_quantity_for_y_price_promo":null,"maxi_pack_price_promo":null,"is_with_card":false,"extra_loyalty_points":null,"is_new":false,"is_top":false,"is_time":null,"is_today":false,"is_gift_available":false,"is_not_available_for_cnc":false,"is_not_available_for_pup":false},"show_promo_label":true,"show_promo_price":true,"giftsCampaignItems":null,"segment_id":null,"id":"000000000000136878","title":"Pusriebis Rokiškio NAMINIS pienas, 2,5% rieb., 900 ml","category_id":"40956cf9-dd22-4337-9b46-2137da7290d2","category_name_full_path":"Pieno gaminiai ir kiaušiniai/Pienas/Pasterizuotas pienas","category_path_url":"pieno-gaminiai-ir-kiausiniai/pienas/pasterizuotas-pienas","root_category_id":"4285f7d7-5d92-4eb2-a85c-4772fed50091","brand_name":"Rokiškio NAMINIS","brand_id":5397,"shopcode":"X500","price":1.2500,"retail_price":1.3900,"image":"https://cdn.barbora.lt/products/50d89af0-bbb5-4bb4-b707-bf6bcdb8e94d_s.png","big_image":"https://cdn.barbora.lt/products/50d89af0-bbb5-4bb4-b707-bf6bcdb8e94d_m.png","comparative_unit":"l","comparative_unit_price":1.39,"status":"active","GiftsCampaignItems":null,"own_inventory":false,"ShowInOffersTo":"2022-10-31T00:00:00","Url":"pusriebis-rokiskio-naminis-pienas-2-5-proc-rieb-900-ml","ExternalSuppliers":null,"is_made_in_Eu":false,"is_made_in_Home_Country":false,"is_available_for_donations":false},{"attributes":{"list":[]},"picking_actions":[],"units":[{"id":0,"price":2.5900,"retail_price":2.9900,"unit":"vnt.","min":1.0,"max":4.0,"step":1.0,"defaultValue":1.0}],"is_adult":false,"inFavorites":false,"extra":{"is_sellout":true,"discount":0.0,"buy_x_quantity_for_y_price_promo":null,"maxi_pack_price_promo":null,"is_with_card":false,"extra_loyalty_points":null,"is_new":false,"is_top":false,"is_time":null,"is_today":false,"is_gift_available":false,"is_not_available_for_cnc":false,"is_not_available_for_pup":false},"show_promo_label":true,"show_promo_price":true,"giftsCampaignItems":null,"segment_id":null,"id":"000000000000699888","title":"DVARO grietinė, 30 % rieb., 380 g","category_id":"bce3fc44-0ab4-4db9-836f-f1e9faf72976","category_name_full_path":"Pieno gaminiai ir kiaušiniai/Grietinė ir grietinėlė/Grietinė","category_path_url":"pieno-gaminiai-ir-kiausiniai/grietine-ir-grietinele/grietine","root_category_id":"4285f7d7-5d92-4eb2-a85c-4772fed50091","brand_name":"Dvaro","brand_id":2409,"shopcode":"X500","price":2.5900,"retail_price":2.9900,"image":"https://cdn.barbora.lt/products/70836677-20b7-4eb0-9b0f-34ed8016e069_s.png","big_image":"https://cdn.barbora.lt/products/70836677-20b7-4eb0-9b0f-34ed8016e069_m.png","comparative_unit":"kg","comparative_unit_price":6.82,"status":"active","GiftsCampaignItems":null,"own_inventory":false,"ShowInOffersTo":"2022-10-31T00:00:00","Url":"dvaro-grietine-30-proc-rieb-380-g","ExternalSuppliers":null,"is_made_in_Eu":false,"is_made_in_Home_Country":false,"is_available_for_donations":false}];
    var productListingSourceName = 'Pagrindinis puslapis';
    var productSectionName = 'Ypatingi pasiūlymai';

    var productsWithListAndPositionForAnalytics =
        products === undefined
            ? []
            : products.map(function (product, index) {
                product.product_position_in_list = index;
                product.list = productListingSourceName;
                product.sectionName = productSectionName;
                return product;
            });

    window.reportUserActionToThirdParty("impression", productsWithListAndPositionForAnalytics);
</script>
</div>

                                
<div class="b-product-section--overlay-background">
    <button class="b-product-section--show-more" data-items-load="5">
        <div class="b-product-section--show-more-inner">
            <svg
    class="b-icon"
    
    style="width: 1em; height: 1em;" 
>
    <use xlink:href="#plus-bold"></use>
</svg>
            Žiūrėti daugiau
        </div>
    </button>
</div>
<div class="b-current-index" style="display:none">5</div>


                                <a class="b-product-slider--show-all b-product-slider--show-none"
                                   href="/akcijos">
                                    Peržiūrėti viską
                                    <svg
    class="b-icon"
    
    style="width: 0.6em; height: 0.6em;" 
>
    <use xlink:href="#chevron-right"></use>
</svg>
                                </a>
                            </div>

                        </section>



                        <section class="b-display--tablet b-display--desktop">
                            <div class="b-home--product-list-wrapper ">
                                <div class="b-product-slider--container b-home-product-list-container">
                                    



<div class="b-section--heading">
    <h2 class="b-section--title">Populiaros prekės</h2>

</div>
<div class="b-products-list--wrapper">


        <div class="b-products-list items clearfix b-products-allow-desktop-view b-products-allow-mobile-view">

            <div class="b-block-slider b-block-slider--products" data-b-block-slider-params='{"slideWidth": 206, "infiniteLoop": false}'>
                <div class="b-product-slider--btn-wrap b-product-slider--btn-wrap--prev">
                    <button class="b-block-slider--prev" disabled><svg
    class="b-icon"
    
    style="width: 1em; height: 1em;" 
>
    <use xlink:href="#chevron-left"></use>
</svg></button>
                </div>
                <div class="b-product-slider--btn-wrap b-product-slider--btn-wrap--next">
                    <button class="b-block-slider--next"><svg
    class="b-icon"
    
    style="width: 1em; height: 1em;" 
>
    <use xlink:href="#chevron-right"></use>
</svg></button>
                </div>
                <div class="b-block-slider--inner">
<div class="b-block-slider--slide">
                            

<div class="b-product--wrap2" itemscope itemprop="isRelatedTo" itemtype="http://schema.org/Product">
        <div class="b-product--wrap clearfix b-product--js-hook   "
             data-b-root-cat-id="1271e464-f471-4dc6-b286-7ea771a218a8"
             data-b-item-id="000000000000169240"
             data-b-units='{"units": [{"id":0,"price":13.9900,"unit":"kg","min":0.45,"max":1.8,"step":0.45,"defaultValue":0.45}]}'
             data-b-for-cart='{&quot;id&quot;:&quot;000000000000169240&quot;,&quot;product_position_in_list&quot;:1,&quot;title&quot;:&quot;Karštai rūkyta kiaulienos filė su kmynais, I r., 1 kg&quot;,&quot;category_id&quot;:&quot;bebba240-f3b4-4fb8-a53d-d4fb36f6e086&quot;,&quot;category_name_full_path&quot;:&quot;Mėsa, žuvis ir kulinarija/Mėsos ir paukštienos gaminiai/Karštai rūkyti gaminiai&quot;,&quot;root_category_id&quot;:&quot;1271e464-f471-4dc6-b286-7ea771a218a8&quot;,&quot;brand_name&quot;:&quot;Biovela&quot;,&quot;price&quot;:13.9900,&quot;image&quot;:&quot;https://cdn.barbora.lt/products/551b3b5f-a8b4-421a-9c42-017542df8ce9_s.png&quot;,&quot;comparative_unit&quot;:&quot;kg&quot;,&quot;comparative_unit_price&quot;:13.99,&quot;status&quot;:&quot;active&quot;,&quot;popUpText&quot;:null,&quot;age_limitation&quot;:null,&quot;picking_actions&quot;:[],&quot;list&quot;:&quot;Pagrindinis puslapis&quot;,&quot;sectionTitle&quot;:&quot;Populiaros prekės&quot;,&quot;quantity&quot;:0.45}'
             style="position: relative">
            <div class="b-product-wrap-img">


                


                <a href="/produktai/karstai-rukyta-kiaulienos-file-su-kmynais-i-r-1-kg-69240" class="b-product--imagelink b-link--product-info" aria-hidden="true" tabindex="-1"><img itemprop="image" src="https://cdn.barbora.lt/products/551b3b5f-a8b4-421a-9c42-017542df8ce9_s.png" alt="Karštai rūkyta kiaulienos filė su kmynais, I r., 1 kg" /></a>
                <a href="/produktai/karstai-rukyta-kiaulienos-file-su-kmynais-i-r-1-kg-69240" class="b-product-title b-product-title--desktop b-link--product-info"><span itemprop="name">Karštai rūkyta kiaulienos filė su kmynais, I r., 1 kg</span></a>




<div class="b-product-prices-block" itemprop="offers" itemscope itemtype="http://schema.org/Offer">
    

    <div class="b-product-prices-block--loyalty">
    </div>

    <div>
        <div class="b-product-price-current" itemprop="priceCurrency" content="EUR">

            <span class="b-product-price-current-number"
                  itemprop="price"
                  content="13.99">
                €13,99
            </span>

            <link rel="external" itemprop="availability" href="http://schema.org/InStock" />
        </div>


    </div>

    <div class="b-product-price--extra">


        <div>€13,99/kg</div>
    </div>

</div>
            </div>

            <div class="b-product-info-wrap">
                <div class="b-product clearfix">

                    <div class="b-product-promo-labels">





    



</div>


                    <div class="b-product--info-icons">

                        <a href="/produktai/karstai-rukyta-kiaulienos-file-su-kmynais-i-r-1-kg-69240" class="b-product-title b-product-title--mobile b-link--product-info">Karštai rūkyta kiaulienos filė su kmynais, I r., 1 kg</a>
                        
                        
    <div class="b-product-goalgroups clearfix">









        <button class="b-icon-favourite"></button>
    </div>
    <span class="favourites-tooltip-placeholder"></span>

<div class="b-product-goalgroups b-product-goalgroup--vertical clearfix">

</div>

                    </div>

<div class="b-product-price-cart-link clearfix">
    <div class="b-product-cart-link clearfix">
        <div class="b-quantity-select--placeholder clearfix"></div>
    </div>
</div>

                </div>
            </div>


        </div>
        <div class="b-product--wrap2--cross-sell">
            <div class="b-product--wrap2--cross-sell-styles">
                <span>KARTU REKOMENDUOJAME</span>
                <span>
                    <button type="button" class="close" aria-label="Uždaryti">
                        <svg
    class="b-icon"
    
    style="" 
>
    <use xlink:href="#cross"></use>
</svg>
                    </button>
                </span>
            </div>
        </div>
</div>

                        </div><div class="b-block-slider--slide">
                            

<div class="b-product--wrap2" itemscope itemprop="isRelatedTo" itemtype="http://schema.org/Product">
        <div class="b-product--wrap clearfix b-product--js-hook   "
             data-b-root-cat-id="acb55842-a24c-44d1-b948-082e2cdb596b"
             data-b-item-id="000000000000182019"
             data-b-units='{"units": [{"id":0,"price":12.9900,"unit":"kg","min":0.2,"max":100.000,"step":0.2,"defaultValue":0.2}]}'
             data-b-for-cart='{&quot;id&quot;:&quot;000000000000182019&quot;,&quot;product_position_in_list&quot;:2,&quot;title&quot;:&quot;Anakardžiai, 1 kg&quot;,&quot;category_id&quot;:&quot;c089dd7c-d268-48bd-90a6-e7126313be39&quot;,&quot;category_name_full_path&quot;:&quot;Bakalėja/Riešutai, sėklos, džiovinti vaisiai, uogos ir daržovės/Anakardžiai ir pistacijos&quot;,&quot;root_category_id&quot;:&quot;acb55842-a24c-44d1-b948-082e2cdb596b&quot;,&quot;brand_name&quot;:&quot;&quot;,&quot;price&quot;:12.9900,&quot;image&quot;:&quot;https://cdn.barbora.lt/products/0a07f47e-b43f-469e-9b68-732120e79e7b_s.png&quot;,&quot;comparative_unit&quot;:&quot;kg&quot;,&quot;comparative_unit_price&quot;:12.99,&quot;status&quot;:&quot;active&quot;,&quot;popUpText&quot;:null,&quot;age_limitation&quot;:null,&quot;picking_actions&quot;:[],&quot;list&quot;:&quot;Pagrindinis puslapis&quot;,&quot;sectionTitle&quot;:&quot;Populiaros prekės&quot;,&quot;quantity&quot;:0.2}'
             style="position: relative">
            <div class="b-product-wrap-img">


                


                <a href="/produktai/anakardziai-1-kg" class="b-product--imagelink b-link--product-info" aria-hidden="true" tabindex="-1"><img itemprop="image" src="https://cdn.barbora.lt/products/0a07f47e-b43f-469e-9b68-732120e79e7b_s.png" alt="Anakardžiai, 1 kg" /></a>
                <a href="/produktai/anakardziai-1-kg" class="b-product-title b-product-title--desktop b-link--product-info"><span itemprop="name">Anakardžiai, 1 kg</span></a>




<div class="b-product-prices-block" itemprop="offers" itemscope itemtype="http://schema.org/Offer">
    

    <div class="b-product-prices-block--loyalty">
    </div>

    <div>
        <div class="b-product-price-current" itemprop="priceCurrency" content="EUR">

            <span class="b-product-price-current-number"
                  itemprop="price"
                  content="12.99">
                €12,99
            </span>

            <link rel="external" itemprop="availability" href="http://schema.org/InStock" />
        </div>


    </div>

    <div class="b-product-price--extra">


        <div>€12,99/kg</div>
    </div>

</div>
            </div>

            <div class="b-product-info-wrap">
                <div class="b-product clearfix">

                    <div class="b-product-promo-labels">





    



</div>


                    <div class="b-product--info-icons">

                        <a href="/produktai/anakardziai-1-kg" class="b-product-title b-product-title--mobile b-link--product-info">Anakardžiai, 1 kg</a>
                        
                        
    <div class="b-product-goalgroups clearfix">









        <button class="b-icon-favourite"></button>
    </div>
    <span class="favourites-tooltip-placeholder"></span>

<div class="b-product-goalgroups b-product-goalgroup--vertical clearfix">

</div>

                    </div>

<div class="b-product-price-cart-link clearfix">
    <div class="b-product-cart-link clearfix">
        <div class="b-quantity-select--placeholder clearfix"></div>
    </div>
</div>

                </div>
            </div>


        </div>
        <div class="b-product--wrap2--cross-sell">
            <div class="b-product--wrap2--cross-sell-styles">
                <span>KARTU REKOMENDUOJAME</span>
                <span>
                    <button type="button" class="close" aria-label="Uždaryti">
                        <svg
    class="b-icon"
    
    style="" 
>
    <use xlink:href="#cross"></use>
</svg>
                    </button>
                </span>
            </div>
        </div>
</div>

                        </div><div class="b-block-slider--slide">
                            

<div class="b-product--wrap2" itemscope itemprop="isRelatedTo" itemtype="http://schema.org/Product">
        <div class="b-product--wrap clearfix b-product--js-hook   "
             data-b-root-cat-id="acb55842-a24c-44d1-b948-082e2cdb596b"
             data-b-item-id="000000000000428295"
             data-b-units='{"units": [{"id":0,"price":13.6500,"unit":"kg","min":0.2,"max":2.0,"step":0.2,"defaultValue":0.2}]}'
             data-b-for-cart='{&quot;id&quot;:&quot;000000000000428295&quot;,&quot;product_position_in_list&quot;:3,&quot;title&quot;:&quot;Kepintos ir sūdytos pistacijos, 1 kg&quot;,&quot;category_id&quot;:&quot;c089dd7c-d268-48bd-90a6-e7126313be39&quot;,&quot;category_name_full_path&quot;:&quot;Bakalėja/Riešutai, sėklos, džiovinti vaisiai, uogos ir daržovės/Anakardžiai ir pistacijos&quot;,&quot;root_category_id&quot;:&quot;acb55842-a24c-44d1-b948-082e2cdb596b&quot;,&quot;brand_name&quot;:&quot;&quot;,&quot;price&quot;:13.6500,&quot;image&quot;:&quot;https://cdn.barbora.lt/products/22a657a8-b4eb-4d74-85ab-66f9b84cf6e6_s.png&quot;,&quot;comparative_unit&quot;:&quot;kg&quot;,&quot;comparative_unit_price&quot;:13.65,&quot;status&quot;:&quot;active&quot;,&quot;popUpText&quot;:null,&quot;age_limitation&quot;:null,&quot;picking_actions&quot;:[],&quot;list&quot;:&quot;Pagrindinis puslapis&quot;,&quot;sectionTitle&quot;:&quot;Populiaros prekės&quot;,&quot;quantity&quot;:0.2}'
             style="position: relative">
            <div class="b-product-wrap-img">


                


                <a href="/produktai/kepintos-ir-sudytos-pistacijos-1-kg" class="b-product--imagelink b-link--product-info" aria-hidden="true" tabindex="-1"><img itemprop="image" src="https://cdn.barbora.lt/products/22a657a8-b4eb-4d74-85ab-66f9b84cf6e6_s.png" alt="Kepintos ir sūdytos pistacijos, 1 kg" /></a>
                <a href="/produktai/kepintos-ir-sudytos-pistacijos-1-kg" class="b-product-title b-product-title--desktop b-link--product-info"><span itemprop="name">Kepintos ir sūdytos pistacijos, 1 kg</span></a>




<div class="b-product-prices-block" itemprop="offers" itemscope itemtype="http://schema.org/Offer">
    

    <div class="b-product-prices-block--loyalty">
    </div>

    <div>
        <div class="b-product-price-current" itemprop="priceCurrency" content="EUR">

            <span class="b-product-price-current-number"
                  itemprop="price"
                  content="13.65">
                €13,65
            </span>

            <link rel="external" itemprop="availability" href="http://schema.org/InStock" />
        </div>


    </div>

    <div class="b-product-price--extra">


        <div>€13,65/kg</div>
    </div>

</div>
            </div>

            <div class="b-product-info-wrap">
                <div class="b-product clearfix">

                    <div class="b-product-promo-labels">





    



</div>


                    <div class="b-product--info-icons">

                        <a href="/produktai/kepintos-ir-sudytos-pistacijos-1-kg" class="b-product-title b-product-title--mobile b-link--product-info">Kepintos ir sūdytos pistacijos, 1 kg</a>
                        
                        
    <div class="b-product-goalgroups clearfix">









        <button class="b-icon-favourite"></button>
    </div>
    <span class="favourites-tooltip-placeholder"></span>

<div class="b-product-goalgroups b-product-goalgroup--vertical clearfix">

</div>

                    </div>

<div class="b-product-price-cart-link clearfix">
    <div class="b-product-cart-link clearfix">
        <div class="b-quantity-select--placeholder clearfix"></div>
    </div>
</div>

                </div>
            </div>


        </div>
        <div class="b-product--wrap2--cross-sell">
            <div class="b-product--wrap2--cross-sell-styles">
                <span>KARTU REKOMENDUOJAME</span>
                <span>
                    <button type="button" class="close" aria-label="Uždaryti">
                        <svg
    class="b-icon"
    
    style="" 
>
    <use xlink:href="#cross"></use>
</svg>
                    </button>
                </span>
            </div>
        </div>
</div>

                        </div><div class="b-block-slider--slide">
                            

<div class="b-product--wrap2" itemscope itemprop="isRelatedTo" itemtype="http://schema.org/Product">
        <div class="b-product--wrap clearfix b-product--js-hook   "
             data-b-root-cat-id="1271e464-f471-4dc6-b286-7ea771a218a8"
             data-b-item-id="000000000000673022"
             data-b-units='{"units": [{"id":0,"price":5.9900,"retail_price":9.9900,"unit":"vnt.","min":1.0,"max":4.0,"step":1.0,"defaultValue":1.0}]}'
             data-b-for-cart='{&quot;id&quot;:&quot;000000000000673022&quot;,&quot;product_position_in_list&quot;:4,&quot;title&quot;:&quot;Vytinta jautienos kumpinė dešra, a. r., 200 g&quot;,&quot;category_id&quot;:&quot;5994a3ca-61fc-442f-b8d5-7b627ed8c91b&quot;,&quot;category_name_full_path&quot;:&quot;Mėsa, žuvis ir kulinarija/Mėsos ir paukštienos gaminiai/Vytintos dešros&quot;,&quot;root_category_id&quot;:&quot;1271e464-f471-4dc6-b286-7ea771a218a8&quot;,&quot;brand_name&quot;:&quot;Biovela&quot;,&quot;price&quot;:5.9900,&quot;image&quot;:&quot;https://cdn.barbora.lt/products/085096b6-8c29-4211-90c6-8eba77d83241_s.png&quot;,&quot;comparative_unit&quot;:&quot;kg&quot;,&quot;comparative_unit_price&quot;:29.95,&quot;status&quot;:&quot;active&quot;,&quot;popUpText&quot;:null,&quot;age_limitation&quot;:null,&quot;picking_actions&quot;:[],&quot;list&quot;:&quot;Pagrindinis puslapis&quot;,&quot;sectionTitle&quot;:&quot;Populiaros prekės&quot;,&quot;quantity&quot;:1.0}'
             style="position: relative">
            <div class="b-product-wrap-img">


                


                <a href="/produktai/vytinta-jautienos-kumpine-desra-a-r-200-g" class="b-product--imagelink b-link--product-info" aria-hidden="true" tabindex="-1"><img itemprop="image" src="https://cdn.barbora.lt/products/085096b6-8c29-4211-90c6-8eba77d83241_s.png" alt="Vytinta jautienos kumpinė dešra, a. r., 200 g" /></a>
                <a href="/produktai/vytinta-jautienos-kumpine-desra-a-r-200-g" class="b-product-title b-product-title--desktop b-link--product-info"><span itemprop="name">Vytinta jautienos kumpinė dešra, a. r., 200 g</span></a>




<div class="b-product-prices-block" itemprop="offers" itemscope itemtype="http://schema.org/Offer">
    

    <div class="b-product-prices-block--loyalty">
    </div>

    <div>
        <div class="b-product-price-current" itemprop="priceCurrency" content="EUR">

            <span class="b-product-price-current-number"
                  itemprop="price"
                  content="5.99">
                €5,99
            </span>

            <link rel="external" itemprop="availability" href="http://schema.org/InStock" />
        </div>

            <del class="b-product-crossed-out-price">€9,99</del>

    </div>

    <div class="b-product-price--extra">


        <div>€29,95/kg</div>
    </div>

</div>
            </div>

            <div class="b-product-info-wrap">
                <div class="b-product clearfix">

                    <div class="b-product-promo-labels">




    <div class="b-product-promo-label-primary" promo-tooltip="Akcija galioja iki 2022-10-31">

<svg
    class="b-icon"
    
    style="" 
>
    <use xlink:href="#label-offer"></use>
</svg>                    <span class="b-product-promo-label-primary--percent">-40%</span>

    </div>

    



</div>


                    <div class="b-product--info-icons">

                        <a href="/produktai/vytinta-jautienos-kumpine-desra-a-r-200-g" class="b-product-title b-product-title--mobile b-link--product-info">Vytinta jautienos kumpinė dešra, a. r., 200 g</a>
                        
                            <div class="b-product-promo-labels--mobile">
        


    </div>

    <div class="b-product-goalgroups clearfix">









        <button class="b-icon-favourite"></button>
    </div>
    <span class="favourites-tooltip-placeholder"></span>

<div class="b-product-goalgroups b-product-goalgroup--vertical clearfix">

</div>

                    </div>

<div class="b-product-price-cart-link clearfix">
    <div class="b-product-cart-link clearfix">
        <div class="b-quantity-select--placeholder clearfix"></div>
    </div>
</div>

                </div>
            </div>


        </div>
        <div class="b-product--wrap2--cross-sell">
            <div class="b-product--wrap2--cross-sell-styles">
                <span>KARTU REKOMENDUOJAME</span>
                <span>
                    <button type="button" class="close" aria-label="Uždaryti">
                        <svg
    class="b-icon"
    
    style="" 
>
    <use xlink:href="#cross"></use>
</svg>
                    </button>
                </span>
            </div>
        </div>
</div>

                        </div><div class="b-block-slider--slide">
                            

<div class="b-product--wrap2" itemscope itemprop="isRelatedTo" itemtype="http://schema.org/Product">
        <div class="b-product--wrap clearfix b-product--js-hook  b-product-hasexpiration "
             data-b-root-cat-id="1271e464-f471-4dc6-b286-7ea771a218a8"
             data-b-item-id="000000000000949174"
             data-b-units='{"units": [{"id":0,"price":17.4900,"unit":"kg","min":1.0,"max":3.5,"step":1.0,"defaultValue":1.0,"weightableRatio":1.0},{"id":1,"price":17.4900,"unit":"vnt.","min":1.0,"max":3.0,"step":1.0,"defaultValue":1.0,"weightableRatio":1.0}]}'
             data-b-for-cart='{&quot;id&quot;:&quot;000000000000949174&quot;,&quot;product_position_in_list&quot;:5,&quot;title&quot;:&quot;Šviežia atlantinių lašišų (lot. Salmo salar) filė, su oda, 1 kg&quot;,&quot;category_id&quot;:&quot;a3513a0e-cd74-4602-a04a-bfa94675974f&quot;,&quot;category_name_full_path&quot;:&quot;Mėsa, žuvis ir kulinarija/Šviežios žuvys ir jūrų gėrybės/Šviežia žuvis&quot;,&quot;root_category_id&quot;:&quot;1271e464-f471-4dc6-b286-7ea771a218a8&quot;,&quot;brand_name&quot;:&quot;Meistro Kokybė&quot;,&quot;price&quot;:17.4900,&quot;image&quot;:&quot;https://cdn.barbora.lt/products/9bca1386-7091-4629-a950-242bdd3e844b_s.png&quot;,&quot;comparative_unit&quot;:&quot;kg&quot;,&quot;comparative_unit_price&quot;:17.49,&quot;status&quot;:&quot;active&quot;,&quot;popUpText&quot;:null,&quot;age_limitation&quot;:null,&quot;picking_actions&quot;:[],&quot;list&quot;:&quot;Pagrindinis puslapis&quot;,&quot;sectionTitle&quot;:&quot;Populiaros prekės&quot;,&quot;quantity&quot;:1.0}'
             style="position: relative">
            <div class="b-product-wrap-img">


                


                <a href="/produktai/sviezia-atlantiniu-lasisu-lot-salmo-salar-file-su-oda-1-kg" class="b-product--imagelink b-link--product-info" aria-hidden="true" tabindex="-1"><img itemprop="image" src="https://cdn.barbora.lt/products/9bca1386-7091-4629-a950-242bdd3e844b_s.png" alt="Šviežia atlantinių lašišų (lot. Salmo salar) filė, su oda, 1 kg" /></a>
                <a href="/produktai/sviezia-atlantiniu-lasisu-lot-salmo-salar-file-su-oda-1-kg" class="b-product-title b-product-title--desktop b-link--product-info"><span itemprop="name">Šviežia atlantinių lašišų (lot. Salmo salar) filė, su oda, 1 kg</span></a>




<div class="b-product-prices-block" itemprop="offers" itemscope itemtype="http://schema.org/Offer">
    

    <div class="b-product-prices-block--loyalty">
    </div>

    <div>
        <div class="b-product-price-current" itemprop="priceCurrency" content="EUR">

            <span class="b-product-price-current-number"
                  itemprop="price"
                  content="17.49">
                €17,49
            </span>

            <link rel="external" itemprop="availability" href="http://schema.org/InStock" />
        </div>


    </div>

    <div class="b-product-price--extra">


        <div>€17,49/kg</div>
    </div>

</div>
            </div>

            <div class="b-product-info-wrap">
                <div class="b-product clearfix">

                    <div class="b-product-promo-labels">





    



</div>


                    <div class="b-product--info-icons">

                        <a href="/produktai/sviezia-atlantiniu-lasisu-lot-salmo-salar-file-su-oda-1-kg" class="b-product-title b-product-title--mobile b-link--product-info">Šviežia atlantinių lašišų (lot. Salmo salar) filė, su oda, 1 kg</a>
                            <div class="b-product-expiration">
        <svg
    class="b-icon"
    
    style="" 
>
    <use xlink:href="#hexagon"></use>
</svg>
        <div class="b-product-expiration--time">
                <div class="b-product-expiration--time-today">
                    <svg
    class="b-icon"
    
    style="" 
>
    <use xlink:href="#chef-hat"></use>
</svg>
                    <div class="b-product-expiration--time-today-text">Šiandien</div>
                </div>
        </div>
    </div>

                            <div class="b-product-promo-labels--mobile">
        


    </div>

    <div class="b-product-goalgroups clearfix">









        <button class="b-icon-favourite"></button>
    </div>
    <span class="favourites-tooltip-placeholder"></span>

<div class="b-product-goalgroups b-product-goalgroup--vertical clearfix">

</div>

                    </div>

<div class="b-product-price-cart-link clearfix">
    <div class="b-product-cart-link clearfix">
        <div class="b-quantity-select--placeholder clearfix"></div>
    </div>
</div>

                </div>
            </div>


        </div>
        <div class="b-product--wrap2--cross-sell">
            <div class="b-product--wrap2--cross-sell-styles">
                <span>KARTU REKOMENDUOJAME</span>
                <span>
                    <button type="button" class="close" aria-label="Uždaryti">
                        <svg
    class="b-icon"
    
    style="" 
>
    <use xlink:href="#cross"></use>
</svg>
                    </button>
                </span>
            </div>
        </div>
</div>

                        </div><div class="b-block-slider--slide">
                            

<div class="b-product--wrap2" itemscope itemprop="isRelatedTo" itemtype="http://schema.org/Product">
        <div class="b-product--wrap clearfix b-product--js-hook   "
             data-b-root-cat-id="c62fbd14-edaa-47f6-8e7e-56ccefe4e5c9"
             data-b-item-id="000000000001008651"
             data-b-units='{"units": [{"id":0,"price":9.9900,"unit":"vnt.","min":1.0,"max":6.0,"step":1.0,"defaultValue":1.0}]}'
             data-b-for-cart='{&quot;id&quot;:&quot;000000000001008651&quot;,&quot;product_position_in_list&quot;:6,&quot;title&quot;:&quot;Virtos šaldytos tigrinės krevetės NOWACO EXCLUSIVE be kiautų, 300 g&quot;,&quot;category_id&quot;:&quot;8b323802-65cb-471e-a21c-7044af308b1e&quot;,&quot;category_name_full_path&quot;:&quot;Šaldytas maistas/Šaldytos žuvys ir jūrų gėrybės/Šaldytos krevetės&quot;,&quot;root_category_id&quot;:&quot;c62fbd14-edaa-47f6-8e7e-56ccefe4e5c9&quot;,&quot;brand_name&quot;:&quot;Nowaco&quot;,&quot;price&quot;:9.9900,&quot;image&quot;:&quot;https://cdn.barbora.lt/products/52582ab0-a011-463b-9387-a9716c769acf_s.png&quot;,&quot;comparative_unit&quot;:&quot;kg&quot;,&quot;comparative_unit_price&quot;:33.30,&quot;status&quot;:&quot;active&quot;,&quot;popUpText&quot;:null,&quot;age_limitation&quot;:null,&quot;picking_actions&quot;:[],&quot;list&quot;:&quot;Pagrindinis puslapis&quot;,&quot;sectionTitle&quot;:&quot;Populiaros prekės&quot;,&quot;quantity&quot;:1.0}'
             style="position: relative">
            <div class="b-product-wrap-img">


                


                <a href="/produktai/virtos-saldytos-tigrines-krevetes-nowaco-exclusive-be-kiautu-300-g" class="b-product--imagelink b-link--product-info" aria-hidden="true" tabindex="-1"><img itemprop="image" src="https://cdn.barbora.lt/products/52582ab0-a011-463b-9387-a9716c769acf_s.png" alt="Virtos šaldytos tigrinės krevetės NOWACO EXCLUSIVE be kiautų, 300 g" /></a>
                <a href="/produktai/virtos-saldytos-tigrines-krevetes-nowaco-exclusive-be-kiautu-300-g" class="b-product-title b-product-title--desktop b-link--product-info"><span itemprop="name">Virtos šaldytos tigrinės krevetės NOWACO EXCLUSIVE be kiautų, 300 g</span></a>




<div class="b-product-prices-block" itemprop="offers" itemscope itemtype="http://schema.org/Offer">
    

    <div class="b-product-prices-block--loyalty">
    </div>

    <div>
        <div class="b-product-price-current" itemprop="priceCurrency" content="EUR">

            <span class="b-product-price-current-number"
                  itemprop="price"
                  content="9.99">
                €9,99
            </span>

            <link rel="external" itemprop="availability" href="http://schema.org/InStock" />
        </div>


    </div>

    <div class="b-product-price--extra">


        <div>€33,30/kg</div>
    </div>

</div>
            </div>

            <div class="b-product-info-wrap">
                <div class="b-product clearfix">

                    <div class="b-product-promo-labels">





    



</div>


                    <div class="b-product--info-icons">

                        <a href="/produktai/virtos-saldytos-tigrines-krevetes-nowaco-exclusive-be-kiautu-300-g" class="b-product-title b-product-title--mobile b-link--product-info">Virtos šaldytos tigrinės krevetės NOWACO EXCLUSIVE be kiautų, 300 g</a>
                        
                        
    <div class="b-product-goalgroups clearfix">









        <button class="b-icon-favourite"></button>
    </div>
    <span class="favourites-tooltip-placeholder"></span>

<div class="b-product-goalgroups b-product-goalgroup--vertical clearfix">

</div>

                    </div>

<div class="b-product-price-cart-link clearfix">
    <div class="b-product-cart-link clearfix">
        <div class="b-quantity-select--placeholder clearfix"></div>
    </div>
</div>

                </div>
            </div>


        </div>
        <div class="b-product--wrap2--cross-sell">
            <div class="b-product--wrap2--cross-sell-styles">
                <span>KARTU REKOMENDUOJAME</span>
                <span>
                    <button type="button" class="close" aria-label="Uždaryti">
                        <svg
    class="b-icon"
    
    style="" 
>
    <use xlink:href="#cross"></use>
</svg>
                    </button>
                </span>
            </div>
        </div>
</div>

                        </div><div class="b-block-slider--slide">
                            

<div class="b-product--wrap2" itemscope itemprop="isRelatedTo" itemtype="http://schema.org/Product">
        <div class="b-product--wrap clearfix b-product--js-hook   "
             data-b-root-cat-id="c62fbd14-edaa-47f6-8e7e-56ccefe4e5c9"
             data-b-item-id="000000000001177545"
             data-b-units='{"units": [{"id":0,"price":4.4900,"retail_price":6.4900,"unit":"vnt.","min":1.0,"max":4.0,"step":1.0,"defaultValue":1.0}]}'
             data-b-for-cart='{&quot;id&quot;:&quot;000000000001177545&quot;,&quot;product_position_in_list&quot;:7,&quot;title&quot;:&quot;BEATOS VIRTUVĖS užšaldyti koldūnai su kiauliena, 800 g&quot;,&quot;category_id&quot;:&quot;7793b186-74e9-46d9-a1ac-74bab4c210a3&quot;,&quot;category_name_full_path&quot;:&quot;Šaldytas maistas/Šaldyti kulinarijos ir konditerijos gaminiai/Šaldyti koldūnai ir virtiniai&quot;,&quot;root_category_id&quot;:&quot;c62fbd14-edaa-47f6-8e7e-56ccefe4e5c9&quot;,&quot;brand_name&quot;:&quot;Beatos virtuvė&quot;,&quot;price&quot;:4.4900,&quot;image&quot;:&quot;https://cdn.barbora.lt/products/78d3729a-aa29-409d-8275-0a27360cef0d_s.png&quot;,&quot;comparative_unit&quot;:&quot;kg&quot;,&quot;comparative_unit_price&quot;:5.61,&quot;status&quot;:&quot;active&quot;,&quot;popUpText&quot;:null,&quot;age_limitation&quot;:null,&quot;picking_actions&quot;:[],&quot;list&quot;:&quot;Pagrindinis puslapis&quot;,&quot;sectionTitle&quot;:&quot;Populiaros prekės&quot;,&quot;quantity&quot;:1.0}'
             style="position: relative">
            <div class="b-product-wrap-img">


                


                <a href="/produktai/beatos-virtuves-uzsaldyti-koldunai-su-kiauliena-800-g" class="b-product--imagelink b-link--product-info" aria-hidden="true" tabindex="-1"><img itemprop="image" src="https://cdn.barbora.lt/products/78d3729a-aa29-409d-8275-0a27360cef0d_s.png" alt="BEATOS VIRTUVĖS užšaldyti koldūnai su kiauliena, 800 g" /></a>
                <a href="/produktai/beatos-virtuves-uzsaldyti-koldunai-su-kiauliena-800-g" class="b-product-title b-product-title--desktop b-link--product-info"><span itemprop="name">BEATOS VIRTUVĖS užšaldyti koldūnai su kiauliena, 800 g</span></a>




<div class="b-product-prices-block" itemprop="offers" itemscope itemtype="http://schema.org/Offer">
    

    <div class="b-product-prices-block--loyalty">
    </div>

    <div>
        <div class="b-product-price-current" itemprop="priceCurrency" content="EUR">

            <span class="b-product-price-current-number"
                  itemprop="price"
                  content="4.49">
                €4,49
            </span>

            <link rel="external" itemprop="availability" href="http://schema.org/InStock" />
        </div>

            <del class="b-product-crossed-out-price">€6,49</del>

    </div>

    <div class="b-product-price--extra">


        <div>€5,61/kg</div>
    </div>

</div>
            </div>

            <div class="b-product-info-wrap">
                <div class="b-product clearfix">

                    <div class="b-product-promo-labels">




    <div class="b-product-promo-label-primary" promo-tooltip="Akcija galioja iki 2022-10-31">

<svg
    class="b-icon"
    
    style="" 
>
    <use xlink:href="#label-offer-percent"></use>
</svg>
    </div>

    



</div>


                    <div class="b-product--info-icons">

                        <a href="/produktai/beatos-virtuves-uzsaldyti-koldunai-su-kiauliena-800-g" class="b-product-title b-product-title--mobile b-link--product-info">BEATOS VIRTUVĖS užšaldyti koldūnai su kiauliena, 800 g</a>
                        
                            <div class="b-product-promo-labels--mobile">
        


    </div>

    <div class="b-product-goalgroups clearfix">









        <button class="b-icon-favourite"></button>
    </div>
    <span class="favourites-tooltip-placeholder"></span>

<div class="b-product-goalgroups b-product-goalgroup--vertical clearfix">

</div>

                    </div>

<div class="b-product-price-cart-link clearfix">
    <div class="b-product-cart-link clearfix">
        <div class="b-quantity-select--placeholder clearfix"></div>
    </div>
</div>

                </div>
            </div>


        </div>
        <div class="b-product--wrap2--cross-sell">
            <div class="b-product--wrap2--cross-sell-styles">
                <span>KARTU REKOMENDUOJAME</span>
                <span>
                    <button type="button" class="close" aria-label="Uždaryti">
                        <svg
    class="b-icon"
    
    style="" 
>
    <use xlink:href="#cross"></use>
</svg>
                    </button>
                </span>
            </div>
        </div>
</div>

                        </div><div class="b-block-slider--slide">
                            

<div class="b-product--wrap2" itemscope itemprop="isRelatedTo" itemtype="http://schema.org/Product">
        <div class="b-product--wrap clearfix b-product--js-hook   "
             data-b-root-cat-id="acb55842-a24c-44d1-b948-082e2cdb596b"
             data-b-item-id="000000000000066160"
             data-b-units='{"units": [{"id":0,"price":5.7900,"unit":"vnt.","min":1.0,"max":6.0,"step":1.0,"defaultValue":1.0}]}'
             data-b-for-cart='{&quot;id&quot;:&quot;000000000000066160&quot;,&quot;product_position_in_list&quot;:8,&quot;title&quot;:&quot;Saulėgrąžų aliejus NATURA, 1 l&quot;,&quot;category_id&quot;:&quot;ea75df6a-bc3a-4c36-a9a2-ab77bcb6523d&quot;,&quot;category_name_full_path&quot;:&quot;Bakalėja/Aliejus ir actas/Saulėgrąžų aliejus&quot;,&quot;root_category_id&quot;:&quot;acb55842-a24c-44d1-b948-082e2cdb596b&quot;,&quot;brand_name&quot;:&quot;Natura&quot;,&quot;price&quot;:5.7900,&quot;image&quot;:&quot;https://cdn.barbora.lt/products/a949b133-b4bb-474a-8bcb-a2779a061f59_s.png&quot;,&quot;comparative_unit&quot;:&quot;l&quot;,&quot;comparative_unit_price&quot;:5.79,&quot;status&quot;:&quot;active&quot;,&quot;popUpText&quot;:null,&quot;age_limitation&quot;:null,&quot;picking_actions&quot;:[],&quot;list&quot;:&quot;Pagrindinis puslapis&quot;,&quot;sectionTitle&quot;:&quot;Populiaros prekės&quot;,&quot;quantity&quot;:1.0}'
             style="position: relative">
            <div class="b-product-wrap-img">


                


                <a href="/produktai/saulegrazu-aliejus-natura-1-l" class="b-product--imagelink b-link--product-info" aria-hidden="true" tabindex="-1"><img itemprop="image" src="https://cdn.barbora.lt/products/a949b133-b4bb-474a-8bcb-a2779a061f59_s.png" alt="Saulėgrąžų aliejus NATURA, 1 l" /></a>
                <a href="/produktai/saulegrazu-aliejus-natura-1-l" class="b-product-title b-product-title--desktop b-link--product-info"><span itemprop="name">Saulėgrąžų aliejus NATURA, 1 l</span></a>




<div class="b-product-prices-block" itemprop="offers" itemscope itemtype="http://schema.org/Offer">
    

    <div class="b-product-prices-block--loyalty">
    </div>

    <div>
        <div class="b-product-price-current" itemprop="priceCurrency" content="EUR">

            <span class="b-product-price-current-number"
                  itemprop="price"
                  content="5.79">
                €5,79
            </span>

            <link rel="external" itemprop="availability" href="http://schema.org/InStock" />
        </div>


    </div>

    <div class="b-product-price--extra">


        <div>€5,79/l</div>
    </div>

</div>
            </div>

            <div class="b-product-info-wrap">
                <div class="b-product clearfix">

                    <div class="b-product-promo-labels">





    



</div>


                    <div class="b-product--info-icons">

                        <a href="/produktai/saulegrazu-aliejus-natura-1-l" class="b-product-title b-product-title--mobile b-link--product-info">Saulėgrąžų aliejus NATURA, 1 l</a>
                        
                        
    <div class="b-product-goalgroups clearfix">









        <button class="b-icon-favourite"></button>
    </div>
    <span class="favourites-tooltip-placeholder"></span>

<div class="b-product-goalgroups b-product-goalgroup--vertical clearfix">

</div>

                    </div>

<div class="b-product-price-cart-link clearfix">
    <div class="b-product-cart-link clearfix">
        <div class="b-quantity-select--placeholder clearfix"></div>
    </div>
</div>

                </div>
            </div>


        </div>
        <div class="b-product--wrap2--cross-sell">
            <div class="b-product--wrap2--cross-sell-styles">
                <span>KARTU REKOMENDUOJAME</span>
                <span>
                    <button type="button" class="close" aria-label="Uždaryti">
                        <svg
    class="b-icon"
    
    style="" 
>
    <use xlink:href="#cross"></use>
</svg>
                    </button>
                </span>
            </div>
        </div>
</div>

                        </div><div class="b-block-slider--slide">
                            

<div class="b-product--wrap2" itemscope itemprop="isRelatedTo" itemtype="http://schema.org/Product">
        <div class="b-product--wrap clearfix b-product--js-hook   "
             data-b-root-cat-id="acb55842-a24c-44d1-b948-082e2cdb596b"
             data-b-item-id="000000000000652986"
             data-b-units='{"units": [{"id":0,"price":10.7900,"unit":"vnt.","min":1.0,"max":16.0,"step":1.0,"defaultValue":1.0}]}'
             data-b-for-cart='{&quot;id&quot;:&quot;000000000000652986&quot;,&quot;product_position_in_list&quot;:9,&quot;title&quot;:&quot;Malta kava DALLMAYR PRODOMO, 500 g&quot;,&quot;category_id&quot;:&quot;fa7c6205-bc8f-4312-9fbe-7f72a1056f74&quot;,&quot;category_name_full_path&quot;:&quot;Bakalėja/Kava, kavos gėrimai ir kakava/Malta kava&quot;,&quot;root_category_id&quot;:&quot;acb55842-a24c-44d1-b948-082e2cdb596b&quot;,&quot;brand_name&quot;:&quot;Dallmayr Prodomo&quot;,&quot;price&quot;:10.7900,&quot;image&quot;:&quot;https://cdn.barbora.lt/products/2bc2586a-b332-475c-938f-e9326d19ad44_s.png&quot;,&quot;comparative_unit&quot;:&quot;kg&quot;,&quot;comparative_unit_price&quot;:21.58,&quot;status&quot;:&quot;active&quot;,&quot;popUpText&quot;:null,&quot;age_limitation&quot;:null,&quot;picking_actions&quot;:[],&quot;list&quot;:&quot;Pagrindinis puslapis&quot;,&quot;sectionTitle&quot;:&quot;Populiaros prekės&quot;,&quot;quantity&quot;:1.0}'
             style="position: relative">
            <div class="b-product-wrap-img">


                


                <a href="/produktai/malta-kava-dallmayr-prodomo-500-g" class="b-product--imagelink b-link--product-info" aria-hidden="true" tabindex="-1"><img itemprop="image" src="https://cdn.barbora.lt/products/2bc2586a-b332-475c-938f-e9326d19ad44_s.png" alt="Malta kava DALLMAYR PRODOMO, 500 g" /></a>
                <a href="/produktai/malta-kava-dallmayr-prodomo-500-g" class="b-product-title b-product-title--desktop b-link--product-info"><span itemprop="name">Malta kava DALLMAYR PRODOMO, 500 g</span></a>




<div class="b-product-prices-block" itemprop="offers" itemscope itemtype="http://schema.org/Offer">
    

    <div class="b-product-prices-block--loyalty">
    </div>

    <div>
        <div class="b-product-price-current" itemprop="priceCurrency" content="EUR">

            <span class="b-product-price-current-number"
                  itemprop="price"
                  content="10.79">
                €10,79
            </span>

            <link rel="external" itemprop="availability" href="http://schema.org/InStock" />
        </div>


    </div>

    <div class="b-product-price--extra">


        <div>€21,58/kg</div>
    </div>

</div>
            </div>

            <div class="b-product-info-wrap">
                <div class="b-product clearfix">

                    <div class="b-product-promo-labels">





    



</div>


                    <div class="b-product--info-icons">

                        <a href="/produktai/malta-kava-dallmayr-prodomo-500-g" class="b-product-title b-product-title--mobile b-link--product-info">Malta kava DALLMAYR PRODOMO, 500 g</a>
                        
                        
    <div class="b-product-goalgroups clearfix">









        <button class="b-icon-favourite"></button>
    </div>
    <span class="favourites-tooltip-placeholder"></span>

<div class="b-product-goalgroups b-product-goalgroup--vertical clearfix">

</div>

                    </div>

<div class="b-product-price-cart-link clearfix">
    <div class="b-product-cart-link clearfix">
        <div class="b-quantity-select--placeholder clearfix"></div>
    </div>
</div>

                </div>
            </div>


        </div>
        <div class="b-product--wrap2--cross-sell">
            <div class="b-product--wrap2--cross-sell-styles">
                <span>KARTU REKOMENDUOJAME</span>
                <span>
                    <button type="button" class="close" aria-label="Uždaryti">
                        <svg
    class="b-icon"
    
    style="" 
>
    <use xlink:href="#cross"></use>
</svg>
                    </button>
                </span>
            </div>
        </div>
</div>

                        </div><div class="b-block-slider--slide">
                            

<div class="b-product--wrap2" itemscope itemprop="isRelatedTo" itemtype="http://schema.org/Product">
        <div class="b-product--wrap clearfix b-product--js-hook   "
             data-b-root-cat-id="4285f7d7-5d92-4eb2-a85c-4772fed50091"
             data-b-item-id="000000000000844078"
             data-b-units='{"units": [{"id":0,"price":15.9900,"unit":"kg","min":0.3,"max":0.9,"step":0.3,"defaultValue":0.3,"weightableRatio":3.3333333333333333333333333333},{"id":1,"price":4.79700,"unit":"vnt.","min":1.0,"max":3.0,"step":1.0,"defaultValue":1.0,"weightableRatio":0.3}]}'
             data-b-for-cart='{&quot;id&quot;:&quot;000000000000844078&quot;,&quot;product_position_in_list&quot;:10,&quot;title&quot;:&quot;Ekologiškas varškės sūris DOBILAS, 13% rieb., 1 kg&quot;,&quot;category_id&quot;:&quot;41826ec4-d43f-4e51-bf9c-0dac5e93f5ff&quot;,&quot;category_name_full_path&quot;:&quot;Pieno gaminiai ir kiaušiniai/Sūris/Varškės sūriai&quot;,&quot;root_category_id&quot;:&quot;4285f7d7-5d92-4eb2-a85c-4772fed50091&quot;,&quot;brand_name&quot;:&quot;Dobilas&quot;,&quot;price&quot;:15.9900,&quot;image&quot;:&quot;https://cdn.barbora.lt/products/53fac887-fd28-4093-b04b-1b0500f43868_s.png&quot;,&quot;comparative_unit&quot;:&quot;kg&quot;,&quot;comparative_unit_price&quot;:15.99,&quot;status&quot;:&quot;active&quot;,&quot;popUpText&quot;:null,&quot;age_limitation&quot;:null,&quot;picking_actions&quot;:[],&quot;list&quot;:&quot;Pagrindinis puslapis&quot;,&quot;sectionTitle&quot;:&quot;Populiaros prekės&quot;,&quot;quantity&quot;:0.3}'
             style="position: relative">
            <div class="b-product-wrap-img">


                


                <a href="/produktai/ekologiskas-varskes-suris-dobilas-13-proc-rieb-1-kg" class="b-product--imagelink b-link--product-info" aria-hidden="true" tabindex="-1"><img itemprop="image" src="https://cdn.barbora.lt/products/53fac887-fd28-4093-b04b-1b0500f43868_s.png" alt="Ekologiškas varškės sūris DOBILAS, 13% rieb., 1 kg" /></a>
                <a href="/produktai/ekologiskas-varskes-suris-dobilas-13-proc-rieb-1-kg" class="b-product-title b-product-title--desktop b-link--product-info"><span itemprop="name">Ekologiškas varškės sūris DOBILAS, 13% rieb., 1 kg</span></a>




<div class="b-product-prices-block" itemprop="offers" itemscope itemtype="http://schema.org/Offer">
    

    <div class="b-product-prices-block--loyalty">
    </div>

    <div>
        <div class="b-product-price-current" itemprop="priceCurrency" content="EUR">

            <span class="b-product-price-current-number"
                  itemprop="price"
                  content="15.99">
                €15,99
            </span>

            <link rel="external" itemprop="availability" href="http://schema.org/InStock" />
        </div>


    </div>

    <div class="b-product-price--extra">


        <div>€15,99/kg</div>
    </div>

</div>
            </div>

            <div class="b-product-info-wrap">
                <div class="b-product clearfix">

                    <div class="b-product-promo-labels">





    



</div>


                    <div class="b-product--info-icons">

                        <a href="/produktai/ekologiskas-varskes-suris-dobilas-13-proc-rieb-1-kg" class="b-product-title b-product-title--mobile b-link--product-info">Ekologiškas varškės sūris DOBILAS, 13% rieb., 1 kg</a>
                        
                        
    <div class="b-product-goalgroups clearfix">









        <button class="b-icon-favourite"></button>
    </div>
    <span class="favourites-tooltip-placeholder"></span>

<div class="b-product-goalgroups b-product-goalgroup--vertical clearfix">

</div>

                    </div>

<div class="b-product-price-cart-link clearfix">
    <div class="b-product-cart-link clearfix">
        <div class="b-quantity-select--placeholder clearfix"></div>
    </div>
</div>

                </div>
            </div>


        </div>
        <div class="b-product--wrap2--cross-sell">
            <div class="b-product--wrap2--cross-sell-styles">
                <span>KARTU REKOMENDUOJAME</span>
                <span>
                    <button type="button" class="close" aria-label="Uždaryti">
                        <svg
    class="b-icon"
    
    style="" 
>
    <use xlink:href="#cross"></use>
</svg>
                    </button>
                </span>
            </div>
        </div>
</div>

                        </div><div class="b-block-slider--slide">
                            

<div class="b-product--wrap2" itemscope itemprop="isRelatedTo" itemtype="http://schema.org/Product">
        <div class="b-product--wrap clearfix b-product--js-hook   "
             data-b-root-cat-id="acb55842-a24c-44d1-b948-082e2cdb596b"
             data-b-item-id="000000000001003514"
             data-b-units='{"units": [{"id":0,"price":13.9900,"unit":"kg","min":0.2,"max":3.5,"step":0.2,"defaultValue":0.2}]}'
             data-b-for-cart='{&quot;id&quot;:&quot;000000000001003514&quot;,&quot;product_position_in_list&quot;:11,&quot;title&quot;:&quot;Saldainiai SNICKERS, 1 kg&quot;,&quot;category_id&quot;:&quot;c8012ab3-215b-492e-b7c3-ff8fb0b0a98d&quot;,&quot;category_name_full_path&quot;:&quot;Bakalėja/Saldumynai/Sveriami saldainiai&quot;,&quot;root_category_id&quot;:&quot;acb55842-a24c-44d1-b948-082e2cdb596b&quot;,&quot;brand_name&quot;:&quot;Snickers&quot;,&quot;price&quot;:13.9900,&quot;image&quot;:&quot;https://cdn.barbora.lt/products/bee9ac5e-7d64-4034-a181-56520aefb5d6_s.png&quot;,&quot;comparative_unit&quot;:&quot;kg&quot;,&quot;comparative_unit_price&quot;:13.99,&quot;status&quot;:&quot;active&quot;,&quot;popUpText&quot;:null,&quot;age_limitation&quot;:null,&quot;picking_actions&quot;:[],&quot;list&quot;:&quot;Pagrindinis puslapis&quot;,&quot;sectionTitle&quot;:&quot;Populiaros prekės&quot;,&quot;quantity&quot;:0.2}'
             style="position: relative">
            <div class="b-product-wrap-img">


                


                <a href="/produktai/saldainiai-snickers-1-kg" class="b-product--imagelink b-link--product-info" aria-hidden="true" tabindex="-1"><img itemprop="image" src="https://cdn.barbora.lt/products/bee9ac5e-7d64-4034-a181-56520aefb5d6_s.png" alt="Saldainiai SNICKERS, 1 kg" /></a>
                <a href="/produktai/saldainiai-snickers-1-kg" class="b-product-title b-product-title--desktop b-link--product-info"><span itemprop="name">Saldainiai SNICKERS, 1 kg</span></a>




<div class="b-product-prices-block" itemprop="offers" itemscope itemtype="http://schema.org/Offer">
    

    <div class="b-product-prices-block--loyalty">
    </div>

    <div>
        <div class="b-product-price-current" itemprop="priceCurrency" content="EUR">

            <span class="b-product-price-current-number"
                  itemprop="price"
                  content="13.99">
                €13,99
            </span>

            <link rel="external" itemprop="availability" href="http://schema.org/InStock" />
        </div>


    </div>

    <div class="b-product-price--extra">


        <div>€13,99/kg</div>
    </div>

</div>
            </div>

            <div class="b-product-info-wrap">
                <div class="b-product clearfix">

                    <div class="b-product-promo-labels">





    



</div>


                    <div class="b-product--info-icons">

                        <a href="/produktai/saldainiai-snickers-1-kg" class="b-product-title b-product-title--mobile b-link--product-info">Saldainiai SNICKERS, 1 kg</a>
                        
                        
    <div class="b-product-goalgroups clearfix">









        <button class="b-icon-favourite"></button>
    </div>
    <span class="favourites-tooltip-placeholder"></span>

<div class="b-product-goalgroups b-product-goalgroup--vertical clearfix">

</div>

                    </div>

<div class="b-product-price-cart-link clearfix">
    <div class="b-product-cart-link clearfix">
        <div class="b-quantity-select--placeholder clearfix"></div>
    </div>
</div>

                </div>
            </div>


        </div>
        <div class="b-product--wrap2--cross-sell">
            <div class="b-product--wrap2--cross-sell-styles">
                <span>KARTU REKOMENDUOJAME</span>
                <span>
                    <button type="button" class="close" aria-label="Uždaryti">
                        <svg
    class="b-icon"
    
    style="" 
>
    <use xlink:href="#cross"></use>
</svg>
                    </button>
                </span>
            </div>
        </div>
</div>

                        </div><div class="b-block-slider--slide">
                            

<div class="b-product--wrap2" itemscope itemprop="isRelatedTo" itemtype="http://schema.org/Product">
        <div class="b-product--wrap clearfix b-product--js-hook   "
             data-b-root-cat-id="4285f7d7-5d92-4eb2-a85c-4772fed50091"
             data-b-item-id="000000000001286405"
             data-b-units='{"units": [{"id":0,"price":5.9900,"retail_price":6.9900,"unit":"kg","min":1.1,"max":2.2,"step":1.1,"defaultValue":1.1}]}'
             data-b-for-cart='{&quot;id&quot;:&quot;000000000001286405&quot;,&quot;product_position_in_list&quot;:12,&quot;title&quot;:&quot;Pusriebė varškė SAULUTĖ su vitaminu D, 9 % rieb., 1 kg&quot;,&quot;category_id&quot;:&quot;39667633-1d61-4c45-861d-23ee62617d63&quot;,&quot;category_name_full_path&quot;:&quot;Pieno gaminiai ir kiaušiniai/Varškės produktai/Varškė&quot;,&quot;root_category_id&quot;:&quot;4285f7d7-5d92-4eb2-a85c-4772fed50091&quot;,&quot;brand_name&quot;:&quot;Žemaitijos pienas&quot;,&quot;price&quot;:5.9900,&quot;image&quot;:&quot;https://cdn.barbora.lt/products/1ee680e5-85ed-4c35-aef2-1e833c087f2c_s.png&quot;,&quot;comparative_unit&quot;:&quot;kg&quot;,&quot;comparative_unit_price&quot;:5.99,&quot;status&quot;:&quot;active&quot;,&quot;popUpText&quot;:null,&quot;age_limitation&quot;:null,&quot;picking_actions&quot;:[],&quot;list&quot;:&quot;Pagrindinis puslapis&quot;,&quot;sectionTitle&quot;:&quot;Populiaros prekės&quot;,&quot;quantity&quot;:1.1}'
             style="position: relative">
            <div class="b-product-wrap-img">


                


                <a href="/produktai/pusriebe-varske-saulute-su-vitaminu-d-9-proc-rieb-1-kg" class="b-product--imagelink b-link--product-info" aria-hidden="true" tabindex="-1"><img itemprop="image" src="https://cdn.barbora.lt/products/1ee680e5-85ed-4c35-aef2-1e833c087f2c_s.png" alt="Pusriebė varškė SAULUTĖ su vitaminu D, 9 % rieb., 1 kg" /></a>
                <a href="/produktai/pusriebe-varske-saulute-su-vitaminu-d-9-proc-rieb-1-kg" class="b-product-title b-product-title--desktop b-link--product-info"><span itemprop="name">Pusriebė varškė SAULUTĖ su vitaminu D, 9 % rieb., 1 kg</span></a>




<div class="b-product-prices-block" itemprop="offers" itemscope itemtype="http://schema.org/Offer">
    

    <div class="b-product-prices-block--loyalty">
    </div>

    <div>
        <div class="b-product-price-current" itemprop="priceCurrency" content="EUR">

            <span class="b-product-price-current-number"
                  itemprop="price"
                  content="5.99">
                €5,99
            </span>

            <link rel="external" itemprop="availability" href="http://schema.org/InStock" />
        </div>

            <del class="b-product-crossed-out-price">€6,99</del>

    </div>

    <div class="b-product-price--extra">


        <div>€5,99/kg</div>
    </div>

</div>
            </div>

            <div class="b-product-info-wrap">
                <div class="b-product clearfix">

                    <div class="b-product-promo-labels">




    <div class="b-product-promo-label-primary" promo-tooltip="Akcija galioja iki 2022-10-31">

<svg
    class="b-icon"
    
    style="" 
>
    <use xlink:href="#label-offer-percent"></use>
</svg>
    </div>

    



</div>


                    <div class="b-product--info-icons">

                        <a href="/produktai/pusriebe-varske-saulute-su-vitaminu-d-9-proc-rieb-1-kg" class="b-product-title b-product-title--mobile b-link--product-info">Pusriebė varškė SAULUTĖ su vitaminu D, 9 % rieb., 1 kg</a>
                        
                            <div class="b-product-promo-labels--mobile">
        


    </div>

    <div class="b-product-goalgroups clearfix">









        <button class="b-icon-favourite"></button>
    </div>
    <span class="favourites-tooltip-placeholder"></span>

<div class="b-product-goalgroups b-product-goalgroup--vertical clearfix">

</div>

                    </div>

<div class="b-product-price-cart-link clearfix">
    <div class="b-product-cart-link clearfix">
        <div class="b-quantity-select--placeholder clearfix"></div>
    </div>
</div>

                </div>
            </div>


        </div>
        <div class="b-product--wrap2--cross-sell">
            <div class="b-product--wrap2--cross-sell-styles">
                <span>KARTU REKOMENDUOJAME</span>
                <span>
                    <button type="button" class="close" aria-label="Uždaryti">
                        <svg
    class="b-icon"
    
    style="" 
>
    <use xlink:href="#cross"></use>
</svg>
                    </button>
                </span>
            </div>
        </div>
</div>

                        </div>                </div>
            </div>
        </div>
</div>

                                </div>
                            </div>
                        </section>
                        <section class="b-home--products-section b-display--mobile">
                            <div class="b-home--products-list b-product-slider--container b-with-overlay-background">
                                



<div class="b-section--heading">
    <h2 class="b-section--title">Populiaros prekės</h2>

</div>
<div class="b-products-list--wrapper">


            <div class="b-products-list items clearfix b-products-allow-desktop-view b-products-allow-mobile-view b-products--desktop-grid">
                        
                            

<div class="b-product--wrap2 b-product--desktop-grid" itemscope itemprop="isRelatedTo" itemtype="http://schema.org/Product">
        <div class="b-product--wrap clearfix b-product--js-hook   "
             data-b-root-cat-id="1271e464-f471-4dc6-b286-7ea771a218a8"
             data-b-item-id="000000000000169240"
             data-b-units='{"units": [{"id":0,"price":13.9900,"unit":"kg","min":0.45,"max":1.8,"step":0.45,"defaultValue":0.45}]}'
             data-b-for-cart='{&quot;id&quot;:&quot;000000000000169240&quot;,&quot;product_position_in_list&quot;:0,&quot;title&quot;:&quot;Karštai rūkyta kiaulienos filė su kmynais, I r., 1 kg&quot;,&quot;category_id&quot;:&quot;bebba240-f3b4-4fb8-a53d-d4fb36f6e086&quot;,&quot;category_name_full_path&quot;:&quot;Mėsa, žuvis ir kulinarija/Mėsos ir paukštienos gaminiai/Karštai rūkyti gaminiai&quot;,&quot;root_category_id&quot;:&quot;1271e464-f471-4dc6-b286-7ea771a218a8&quot;,&quot;brand_name&quot;:&quot;Biovela&quot;,&quot;price&quot;:13.9900,&quot;image&quot;:&quot;https://cdn.barbora.lt/products/551b3b5f-a8b4-421a-9c42-017542df8ce9_s.png&quot;,&quot;comparative_unit&quot;:&quot;kg&quot;,&quot;comparative_unit_price&quot;:13.99,&quot;status&quot;:&quot;active&quot;,&quot;popUpText&quot;:null,&quot;age_limitation&quot;:null,&quot;picking_actions&quot;:[],&quot;list&quot;:&quot;Pagrindinis puslapis&quot;,&quot;sectionTitle&quot;:&quot;Populiaros prekės&quot;,&quot;quantity&quot;:0.45}'
             style="position: relative">
            <div class="b-product-wrap-img">


                


                <a href="/produktai/karstai-rukyta-kiaulienos-file-su-kmynais-i-r-1-kg-69240" class="b-product--imagelink b-link--product-info" aria-hidden="true" tabindex="-1"><img itemprop="image" src="https://cdn.barbora.lt/products/551b3b5f-a8b4-421a-9c42-017542df8ce9_s.png" alt="Karštai rūkyta kiaulienos filė su kmynais, I r., 1 kg" /></a>
                <a href="/produktai/karstai-rukyta-kiaulienos-file-su-kmynais-i-r-1-kg-69240" class="b-product-title b-product-title--desktop b-link--product-info"><span itemprop="name">Karštai rūkyta kiaulienos filė su kmynais, I r., 1 kg</span></a>




<div class="b-product-prices-block" itemprop="offers" itemscope itemtype="http://schema.org/Offer">
    

    <div class="b-product-prices-block--loyalty">
    </div>

    <div>
        <div class="b-product-price-current" itemprop="priceCurrency" content="EUR">

            <span class="b-product-price-current-number"
                  itemprop="price"
                  content="13.99">
                €13,99
            </span>

            <link rel="external" itemprop="availability" href="http://schema.org/InStock" />
        </div>


    </div>

    <div class="b-product-price--extra">


        <div>€13,99/kg</div>
    </div>

</div>
            </div>

            <div class="b-product-info-wrap">
                <div class="b-product clearfix">

                    <div class="b-product-promo-labels">





    



</div>


                    <div class="b-product--info-icons">

                        <a href="/produktai/karstai-rukyta-kiaulienos-file-su-kmynais-i-r-1-kg-69240" class="b-product-title b-product-title--mobile b-link--product-info">Karštai rūkyta kiaulienos filė su kmynais, I r., 1 kg</a>
                        
                        
    <div class="b-product-goalgroups clearfix">









        <button class="b-icon-favourite"></button>
    </div>
    <span class="favourites-tooltip-placeholder"></span>

<div class="b-product-goalgroups b-product-goalgroup--vertical clearfix">

</div>

                    </div>

<div class="b-product-price-cart-link clearfix">
    <div class="b-product-cart-link clearfix">
        <div class="b-quantity-select--placeholder clearfix"></div>
    </div>
</div>

                </div>
            </div>


        </div>
        <div class="b-product--wrap2--cross-sell">
            <div class="b-product--wrap2--cross-sell-styles">
                <span>KARTU REKOMENDUOJAME</span>
                <span>
                    <button type="button" class="close" aria-label="Uždaryti">
                        <svg
    class="b-icon"
    
    style="" 
>
    <use xlink:href="#cross"></use>
</svg>
                    </button>
                </span>
            </div>
        </div>
</div>

                        
                        
                            

<div class="b-product--wrap2 b-product--desktop-grid" itemscope itemprop="isRelatedTo" itemtype="http://schema.org/Product">
        <div class="b-product--wrap clearfix b-product--js-hook   "
             data-b-root-cat-id="acb55842-a24c-44d1-b948-082e2cdb596b"
             data-b-item-id="000000000000182019"
             data-b-units='{"units": [{"id":0,"price":12.9900,"unit":"kg","min":0.2,"max":100.000,"step":0.2,"defaultValue":0.2}]}'
             data-b-for-cart='{&quot;id&quot;:&quot;000000000000182019&quot;,&quot;product_position_in_list&quot;:1,&quot;title&quot;:&quot;Anakardžiai, 1 kg&quot;,&quot;category_id&quot;:&quot;c089dd7c-d268-48bd-90a6-e7126313be39&quot;,&quot;category_name_full_path&quot;:&quot;Bakalėja/Riešutai, sėklos, džiovinti vaisiai, uogos ir daržovės/Anakardžiai ir pistacijos&quot;,&quot;root_category_id&quot;:&quot;acb55842-a24c-44d1-b948-082e2cdb596b&quot;,&quot;brand_name&quot;:&quot;&quot;,&quot;price&quot;:12.9900,&quot;image&quot;:&quot;https://cdn.barbora.lt/products/0a07f47e-b43f-469e-9b68-732120e79e7b_s.png&quot;,&quot;comparative_unit&quot;:&quot;kg&quot;,&quot;comparative_unit_price&quot;:12.99,&quot;status&quot;:&quot;active&quot;,&quot;popUpText&quot;:null,&quot;age_limitation&quot;:null,&quot;picking_actions&quot;:[],&quot;list&quot;:&quot;Pagrindinis puslapis&quot;,&quot;sectionTitle&quot;:&quot;Populiaros prekės&quot;,&quot;quantity&quot;:0.2}'
             style="position: relative">
            <div class="b-product-wrap-img">


                


                <a href="/produktai/anakardziai-1-kg" class="b-product--imagelink b-link--product-info" aria-hidden="true" tabindex="-1"><img itemprop="image" src="https://cdn.barbora.lt/products/0a07f47e-b43f-469e-9b68-732120e79e7b_s.png" alt="Anakardžiai, 1 kg" /></a>
                <a href="/produktai/anakardziai-1-kg" class="b-product-title b-product-title--desktop b-link--product-info"><span itemprop="name">Anakardžiai, 1 kg</span></a>




<div class="b-product-prices-block" itemprop="offers" itemscope itemtype="http://schema.org/Offer">
    

    <div class="b-product-prices-block--loyalty">
    </div>

    <div>
        <div class="b-product-price-current" itemprop="priceCurrency" content="EUR">

            <span class="b-product-price-current-number"
                  itemprop="price"
                  content="12.99">
                €12,99
            </span>

            <link rel="external" itemprop="availability" href="http://schema.org/InStock" />
        </div>


    </div>

    <div class="b-product-price--extra">


        <div>€12,99/kg</div>
    </div>

</div>
            </div>

            <div class="b-product-info-wrap">
                <div class="b-product clearfix">

                    <div class="b-product-promo-labels">





    



</div>


                    <div class="b-product--info-icons">

                        <a href="/produktai/anakardziai-1-kg" class="b-product-title b-product-title--mobile b-link--product-info">Anakardžiai, 1 kg</a>
                        
                        
    <div class="b-product-goalgroups clearfix">









        <button class="b-icon-favourite"></button>
    </div>
    <span class="favourites-tooltip-placeholder"></span>

<div class="b-product-goalgroups b-product-goalgroup--vertical clearfix">

</div>

                    </div>

<div class="b-product-price-cart-link clearfix">
    <div class="b-product-cart-link clearfix">
        <div class="b-quantity-select--placeholder clearfix"></div>
    </div>
</div>

                </div>
            </div>


        </div>
        <div class="b-product--wrap2--cross-sell">
            <div class="b-product--wrap2--cross-sell-styles">
                <span>KARTU REKOMENDUOJAME</span>
                <span>
                    <button type="button" class="close" aria-label="Uždaryti">
                        <svg
    class="b-icon"
    
    style="" 
>
    <use xlink:href="#cross"></use>
</svg>
                    </button>
                </span>
            </div>
        </div>
</div>

                        
                        
                            

<div class="b-product--wrap2 b-product--desktop-grid" itemscope itemprop="isRelatedTo" itemtype="http://schema.org/Product">
        <div class="b-product--wrap clearfix b-product--js-hook   "
             data-b-root-cat-id="acb55842-a24c-44d1-b948-082e2cdb596b"
             data-b-item-id="000000000000428295"
             data-b-units='{"units": [{"id":0,"price":13.6500,"unit":"kg","min":0.2,"max":2.0,"step":0.2,"defaultValue":0.2}]}'
             data-b-for-cart='{&quot;id&quot;:&quot;000000000000428295&quot;,&quot;product_position_in_list&quot;:2,&quot;title&quot;:&quot;Kepintos ir sūdytos pistacijos, 1 kg&quot;,&quot;category_id&quot;:&quot;c089dd7c-d268-48bd-90a6-e7126313be39&quot;,&quot;category_name_full_path&quot;:&quot;Bakalėja/Riešutai, sėklos, džiovinti vaisiai, uogos ir daržovės/Anakardžiai ir pistacijos&quot;,&quot;root_category_id&quot;:&quot;acb55842-a24c-44d1-b948-082e2cdb596b&quot;,&quot;brand_name&quot;:&quot;&quot;,&quot;price&quot;:13.6500,&quot;image&quot;:&quot;https://cdn.barbora.lt/products/22a657a8-b4eb-4d74-85ab-66f9b84cf6e6_s.png&quot;,&quot;comparative_unit&quot;:&quot;kg&quot;,&quot;comparative_unit_price&quot;:13.65,&quot;status&quot;:&quot;active&quot;,&quot;popUpText&quot;:null,&quot;age_limitation&quot;:null,&quot;picking_actions&quot;:[],&quot;list&quot;:&quot;Pagrindinis puslapis&quot;,&quot;sectionTitle&quot;:&quot;Populiaros prekės&quot;,&quot;quantity&quot;:0.2}'
             style="position: relative">
            <div class="b-product-wrap-img">


                


                <a href="/produktai/kepintos-ir-sudytos-pistacijos-1-kg" class="b-product--imagelink b-link--product-info" aria-hidden="true" tabindex="-1"><img itemprop="image" src="https://cdn.barbora.lt/products/22a657a8-b4eb-4d74-85ab-66f9b84cf6e6_s.png" alt="Kepintos ir sūdytos pistacijos, 1 kg" /></a>
                <a href="/produktai/kepintos-ir-sudytos-pistacijos-1-kg" class="b-product-title b-product-title--desktop b-link--product-info"><span itemprop="name">Kepintos ir sūdytos pistacijos, 1 kg</span></a>




<div class="b-product-prices-block" itemprop="offers" itemscope itemtype="http://schema.org/Offer">
    

    <div class="b-product-prices-block--loyalty">
    </div>

    <div>
        <div class="b-product-price-current" itemprop="priceCurrency" content="EUR">

            <span class="b-product-price-current-number"
                  itemprop="price"
                  content="13.65">
                €13,65
            </span>

            <link rel="external" itemprop="availability" href="http://schema.org/InStock" />
        </div>


    </div>

    <div class="b-product-price--extra">


        <div>€13,65/kg</div>
    </div>

</div>
            </div>

            <div class="b-product-info-wrap">
                <div class="b-product clearfix">

                    <div class="b-product-promo-labels">





    



</div>


                    <div class="b-product--info-icons">

                        <a href="/produktai/kepintos-ir-sudytos-pistacijos-1-kg" class="b-product-title b-product-title--mobile b-link--product-info">Kepintos ir sūdytos pistacijos, 1 kg</a>
                        
                        
    <div class="b-product-goalgroups clearfix">









        <button class="b-icon-favourite"></button>
    </div>
    <span class="favourites-tooltip-placeholder"></span>

<div class="b-product-goalgroups b-product-goalgroup--vertical clearfix">

</div>

                    </div>

<div class="b-product-price-cart-link clearfix">
    <div class="b-product-cart-link clearfix">
        <div class="b-quantity-select--placeholder clearfix"></div>
    </div>
</div>

                </div>
            </div>


        </div>
        <div class="b-product--wrap2--cross-sell">
            <div class="b-product--wrap2--cross-sell-styles">
                <span>KARTU REKOMENDUOJAME</span>
                <span>
                    <button type="button" class="close" aria-label="Uždaryti">
                        <svg
    class="b-icon"
    
    style="" 
>
    <use xlink:href="#cross"></use>
</svg>
                    </button>
                </span>
            </div>
        </div>
</div>

                        
                        
                            

<div class="b-product--wrap2 b-product--desktop-grid" itemscope itemprop="isRelatedTo" itemtype="http://schema.org/Product">
        <div class="b-product--wrap clearfix b-product--js-hook   "
             data-b-root-cat-id="1271e464-f471-4dc6-b286-7ea771a218a8"
             data-b-item-id="000000000000673022"
             data-b-units='{"units": [{"id":0,"price":5.9900,"retail_price":9.9900,"unit":"vnt.","min":1.0,"max":4.0,"step":1.0,"defaultValue":1.0}]}'
             data-b-for-cart='{&quot;id&quot;:&quot;000000000000673022&quot;,&quot;product_position_in_list&quot;:3,&quot;title&quot;:&quot;Vytinta jautienos kumpinė dešra, a. r., 200 g&quot;,&quot;category_id&quot;:&quot;5994a3ca-61fc-442f-b8d5-7b627ed8c91b&quot;,&quot;category_name_full_path&quot;:&quot;Mėsa, žuvis ir kulinarija/Mėsos ir paukštienos gaminiai/Vytintos dešros&quot;,&quot;root_category_id&quot;:&quot;1271e464-f471-4dc6-b286-7ea771a218a8&quot;,&quot;brand_name&quot;:&quot;Biovela&quot;,&quot;price&quot;:5.9900,&quot;image&quot;:&quot;https://cdn.barbora.lt/products/085096b6-8c29-4211-90c6-8eba77d83241_s.png&quot;,&quot;comparative_unit&quot;:&quot;kg&quot;,&quot;comparative_unit_price&quot;:29.95,&quot;status&quot;:&quot;active&quot;,&quot;popUpText&quot;:null,&quot;age_limitation&quot;:null,&quot;picking_actions&quot;:[],&quot;list&quot;:&quot;Pagrindinis puslapis&quot;,&quot;sectionTitle&quot;:&quot;Populiaros prekės&quot;,&quot;quantity&quot;:1.0}'
             style="position: relative">
            <div class="b-product-wrap-img">


                


                <a href="/produktai/vytinta-jautienos-kumpine-desra-a-r-200-g" class="b-product--imagelink b-link--product-info" aria-hidden="true" tabindex="-1"><img itemprop="image" src="https://cdn.barbora.lt/products/085096b6-8c29-4211-90c6-8eba77d83241_s.png" alt="Vytinta jautienos kumpinė dešra, a. r., 200 g" /></a>
                <a href="/produktai/vytinta-jautienos-kumpine-desra-a-r-200-g" class="b-product-title b-product-title--desktop b-link--product-info"><span itemprop="name">Vytinta jautienos kumpinė dešra, a. r., 200 g</span></a>




<div class="b-product-prices-block" itemprop="offers" itemscope itemtype="http://schema.org/Offer">
    

    <div class="b-product-prices-block--loyalty">
    </div>

    <div>
        <div class="b-product-price-current" itemprop="priceCurrency" content="EUR">

            <span class="b-product-price-current-number"
                  itemprop="price"
                  content="5.99">
                €5,99
            </span>

            <link rel="external" itemprop="availability" href="http://schema.org/InStock" />
        </div>

            <del class="b-product-crossed-out-price">€9,99</del>

    </div>

    <div class="b-product-price--extra">


        <div>€29,95/kg</div>
    </div>

</div>
            </div>

            <div class="b-product-info-wrap">
                <div class="b-product clearfix">

                    <div class="b-product-promo-labels">




    <div class="b-product-promo-label-primary" promo-tooltip="Akcija galioja iki 2022-10-31">

<svg
    class="b-icon"
    
    style="" 
>
    <use xlink:href="#label-offer"></use>
</svg>                    <span class="b-product-promo-label-primary--percent">-40%</span>

    </div>

    



</div>


                    <div class="b-product--info-icons">

                        <a href="/produktai/vytinta-jautienos-kumpine-desra-a-r-200-g" class="b-product-title b-product-title--mobile b-link--product-info">Vytinta jautienos kumpinė dešra, a. r., 200 g</a>
                        
                            <div class="b-product-promo-labels--mobile">
        


    </div>

    <div class="b-product-goalgroups clearfix">









        <button class="b-icon-favourite"></button>
    </div>
    <span class="favourites-tooltip-placeholder"></span>

<div class="b-product-goalgroups b-product-goalgroup--vertical clearfix">

</div>

                    </div>

<div class="b-product-price-cart-link clearfix">
    <div class="b-product-cart-link clearfix">
        <div class="b-quantity-select--placeholder clearfix"></div>
    </div>
</div>

                </div>
            </div>


        </div>
        <div class="b-product--wrap2--cross-sell">
            <div class="b-product--wrap2--cross-sell-styles">
                <span>KARTU REKOMENDUOJAME</span>
                <span>
                    <button type="button" class="close" aria-label="Uždaryti">
                        <svg
    class="b-icon"
    
    style="" 
>
    <use xlink:href="#cross"></use>
</svg>
                    </button>
                </span>
            </div>
        </div>
</div>

                        
                        
                            

<div class="b-product--wrap2 b-product--desktop-grid" itemscope itemprop="isRelatedTo" itemtype="http://schema.org/Product">
        <div class="b-product--wrap clearfix b-product--js-hook  b-product-hasexpiration "
             data-b-root-cat-id="1271e464-f471-4dc6-b286-7ea771a218a8"
             data-b-item-id="000000000000949174"
             data-b-units='{"units": [{"id":0,"price":17.4900,"unit":"kg","min":1.0,"max":3.5,"step":1.0,"defaultValue":1.0,"weightableRatio":1.0},{"id":1,"price":17.4900,"unit":"vnt.","min":1.0,"max":3.0,"step":1.0,"defaultValue":1.0,"weightableRatio":1.0}]}'
             data-b-for-cart='{&quot;id&quot;:&quot;000000000000949174&quot;,&quot;product_position_in_list&quot;:4,&quot;title&quot;:&quot;Šviežia atlantinių lašišų (lot. Salmo salar) filė, su oda, 1 kg&quot;,&quot;category_id&quot;:&quot;a3513a0e-cd74-4602-a04a-bfa94675974f&quot;,&quot;category_name_full_path&quot;:&quot;Mėsa, žuvis ir kulinarija/Šviežios žuvys ir jūrų gėrybės/Šviežia žuvis&quot;,&quot;root_category_id&quot;:&quot;1271e464-f471-4dc6-b286-7ea771a218a8&quot;,&quot;brand_name&quot;:&quot;Meistro Kokybė&quot;,&quot;price&quot;:17.4900,&quot;image&quot;:&quot;https://cdn.barbora.lt/products/9bca1386-7091-4629-a950-242bdd3e844b_s.png&quot;,&quot;comparative_unit&quot;:&quot;kg&quot;,&quot;comparative_unit_price&quot;:17.49,&quot;status&quot;:&quot;active&quot;,&quot;popUpText&quot;:null,&quot;age_limitation&quot;:null,&quot;picking_actions&quot;:[],&quot;list&quot;:&quot;Pagrindinis puslapis&quot;,&quot;sectionTitle&quot;:&quot;Populiaros prekės&quot;,&quot;quantity&quot;:1.0}'
             style="position: relative">
            <div class="b-product-wrap-img">


                


                <a href="/produktai/sviezia-atlantiniu-lasisu-lot-salmo-salar-file-su-oda-1-kg" class="b-product--imagelink b-link--product-info" aria-hidden="true" tabindex="-1"><img itemprop="image" src="https://cdn.barbora.lt/products/9bca1386-7091-4629-a950-242bdd3e844b_s.png" alt="Šviežia atlantinių lašišų (lot. Salmo salar) filė, su oda, 1 kg" /></a>
                <a href="/produktai/sviezia-atlantiniu-lasisu-lot-salmo-salar-file-su-oda-1-kg" class="b-product-title b-product-title--desktop b-link--product-info"><span itemprop="name">Šviežia atlantinių lašišų (lot. Salmo salar) filė, su oda, 1 kg</span></a>




<div class="b-product-prices-block" itemprop="offers" itemscope itemtype="http://schema.org/Offer">
    

    <div class="b-product-prices-block--loyalty">
    </div>

    <div>
        <div class="b-product-price-current" itemprop="priceCurrency" content="EUR">

            <span class="b-product-price-current-number"
                  itemprop="price"
                  content="17.49">
                €17,49
            </span>

            <link rel="external" itemprop="availability" href="http://schema.org/InStock" />
        </div>


    </div>

    <div class="b-product-price--extra">


        <div>€17,49/kg</div>
    </div>

</div>
            </div>

            <div class="b-product-info-wrap">
                <div class="b-product clearfix">

                    <div class="b-product-promo-labels">





    



</div>


                    <div class="b-product--info-icons">

                        <a href="/produktai/sviezia-atlantiniu-lasisu-lot-salmo-salar-file-su-oda-1-kg" class="b-product-title b-product-title--mobile b-link--product-info">Šviežia atlantinių lašišų (lot. Salmo salar) filė, su oda, 1 kg</a>
                            <div class="b-product-expiration">
        <svg
    class="b-icon"
    
    style="" 
>
    <use xlink:href="#hexagon"></use>
</svg>
        <div class="b-product-expiration--time">
                <div class="b-product-expiration--time-today">
                    <svg
    class="b-icon"
    
    style="" 
>
    <use xlink:href="#chef-hat"></use>
</svg>
                    <div class="b-product-expiration--time-today-text">Šiandien</div>
                </div>
        </div>
    </div>

                            <div class="b-product-promo-labels--mobile">
        


    </div>

    <div class="b-product-goalgroups clearfix">









        <button class="b-icon-favourite"></button>
    </div>
    <span class="favourites-tooltip-placeholder"></span>

<div class="b-product-goalgroups b-product-goalgroup--vertical clearfix">

</div>

                    </div>

<div class="b-product-price-cart-link clearfix">
    <div class="b-product-cart-link clearfix">
        <div class="b-quantity-select--placeholder clearfix"></div>
    </div>
</div>

                </div>
            </div>


        </div>
        <div class="b-product--wrap2--cross-sell">
            <div class="b-product--wrap2--cross-sell-styles">
                <span>KARTU REKOMENDUOJAME</span>
                <span>
                    <button type="button" class="close" aria-label="Uždaryti">
                        <svg
    class="b-icon"
    
    style="" 
>
    <use xlink:href="#cross"></use>
</svg>
                    </button>
                </span>
            </div>
        </div>
</div>

                        
                        
                            

<div class="b-product--wrap2 b-product--desktop-grid" itemscope itemprop="isRelatedTo" itemtype="http://schema.org/Product">
        <div class="b-product--wrap clearfix b-product--js-hook   "
             data-b-root-cat-id="c62fbd14-edaa-47f6-8e7e-56ccefe4e5c9"
             data-b-item-id="000000000001008651"
             data-b-units='{"units": [{"id":0,"price":9.9900,"unit":"vnt.","min":1.0,"max":6.0,"step":1.0,"defaultValue":1.0}]}'
             data-b-for-cart='{&quot;id&quot;:&quot;000000000001008651&quot;,&quot;product_position_in_list&quot;:5,&quot;title&quot;:&quot;Virtos šaldytos tigrinės krevetės NOWACO EXCLUSIVE be kiautų, 300 g&quot;,&quot;category_id&quot;:&quot;8b323802-65cb-471e-a21c-7044af308b1e&quot;,&quot;category_name_full_path&quot;:&quot;Šaldytas maistas/Šaldytos žuvys ir jūrų gėrybės/Šaldytos krevetės&quot;,&quot;root_category_id&quot;:&quot;c62fbd14-edaa-47f6-8e7e-56ccefe4e5c9&quot;,&quot;brand_name&quot;:&quot;Nowaco&quot;,&quot;price&quot;:9.9900,&quot;image&quot;:&quot;https://cdn.barbora.lt/products/52582ab0-a011-463b-9387-a9716c769acf_s.png&quot;,&quot;comparative_unit&quot;:&quot;kg&quot;,&quot;comparative_unit_price&quot;:33.30,&quot;status&quot;:&quot;active&quot;,&quot;popUpText&quot;:null,&quot;age_limitation&quot;:null,&quot;picking_actions&quot;:[],&quot;list&quot;:&quot;Pagrindinis puslapis&quot;,&quot;sectionTitle&quot;:&quot;Populiaros prekės&quot;,&quot;quantity&quot;:1.0}'
             style="position: relative">
            <div class="b-product-wrap-img">


                


                <a href="/produktai/virtos-saldytos-tigrines-krevetes-nowaco-exclusive-be-kiautu-300-g" class="b-product--imagelink b-link--product-info" aria-hidden="true" tabindex="-1"><img itemprop="image" src="https://cdn.barbora.lt/products/52582ab0-a011-463b-9387-a9716c769acf_s.png" alt="Virtos šaldytos tigrinės krevetės NOWACO EXCLUSIVE be kiautų, 300 g" /></a>
                <a href="/produktai/virtos-saldytos-tigrines-krevetes-nowaco-exclusive-be-kiautu-300-g" class="b-product-title b-product-title--desktop b-link--product-info"><span itemprop="name">Virtos šaldytos tigrinės krevetės NOWACO EXCLUSIVE be kiautų, 300 g</span></a>




<div class="b-product-prices-block" itemprop="offers" itemscope itemtype="http://schema.org/Offer">
    

    <div class="b-product-prices-block--loyalty">
    </div>

    <div>
        <div class="b-product-price-current" itemprop="priceCurrency" content="EUR">

            <span class="b-product-price-current-number"
                  itemprop="price"
                  content="9.99">
                €9,99
            </span>

            <link rel="external" itemprop="availability" href="http://schema.org/InStock" />
        </div>


    </div>

    <div class="b-product-price--extra">


        <div>€33,30/kg</div>
    </div>

</div>
            </div>

            <div class="b-product-info-wrap">
                <div class="b-product clearfix">

                    <div class="b-product-promo-labels">





    



</div>


                    <div class="b-product--info-icons">

                        <a href="/produktai/virtos-saldytos-tigrines-krevetes-nowaco-exclusive-be-kiautu-300-g" class="b-product-title b-product-title--mobile b-link--product-info">Virtos šaldytos tigrinės krevetės NOWACO EXCLUSIVE be kiautų, 300 g</a>
                        
                        
    <div class="b-product-goalgroups clearfix">









        <button class="b-icon-favourite"></button>
    </div>
    <span class="favourites-tooltip-placeholder"></span>

<div class="b-product-goalgroups b-product-goalgroup--vertical clearfix">

</div>

                    </div>

<div class="b-product-price-cart-link clearfix">
    <div class="b-product-cart-link clearfix">
        <div class="b-quantity-select--placeholder clearfix"></div>
    </div>
</div>

                </div>
            </div>


        </div>
        <div class="b-product--wrap2--cross-sell">
            <div class="b-product--wrap2--cross-sell-styles">
                <span>KARTU REKOMENDUOJAME</span>
                <span>
                    <button type="button" class="close" aria-label="Uždaryti">
                        <svg
    class="b-icon"
    
    style="" 
>
    <use xlink:href="#cross"></use>
</svg>
                    </button>
                </span>
            </div>
        </div>
</div>

                        
                        
                            

<div class="b-product--wrap2 b-product--desktop-grid" itemscope itemprop="isRelatedTo" itemtype="http://schema.org/Product">
        <div class="b-product--wrap clearfix b-product--js-hook   "
             data-b-root-cat-id="c62fbd14-edaa-47f6-8e7e-56ccefe4e5c9"
             data-b-item-id="000000000001177545"
             data-b-units='{"units": [{"id":0,"price":4.4900,"retail_price":6.4900,"unit":"vnt.","min":1.0,"max":4.0,"step":1.0,"defaultValue":1.0}]}'
             data-b-for-cart='{&quot;id&quot;:&quot;000000000001177545&quot;,&quot;product_position_in_list&quot;:6,&quot;title&quot;:&quot;BEATOS VIRTUVĖS užšaldyti koldūnai su kiauliena, 800 g&quot;,&quot;category_id&quot;:&quot;7793b186-74e9-46d9-a1ac-74bab4c210a3&quot;,&quot;category_name_full_path&quot;:&quot;Šaldytas maistas/Šaldyti kulinarijos ir konditerijos gaminiai/Šaldyti koldūnai ir virtiniai&quot;,&quot;root_category_id&quot;:&quot;c62fbd14-edaa-47f6-8e7e-56ccefe4e5c9&quot;,&quot;brand_name&quot;:&quot;Beatos virtuvė&quot;,&quot;price&quot;:4.4900,&quot;image&quot;:&quot;https://cdn.barbora.lt/products/78d3729a-aa29-409d-8275-0a27360cef0d_s.png&quot;,&quot;comparative_unit&quot;:&quot;kg&quot;,&quot;comparative_unit_price&quot;:5.61,&quot;status&quot;:&quot;active&quot;,&quot;popUpText&quot;:null,&quot;age_limitation&quot;:null,&quot;picking_actions&quot;:[],&quot;list&quot;:&quot;Pagrindinis puslapis&quot;,&quot;sectionTitle&quot;:&quot;Populiaros prekės&quot;,&quot;quantity&quot;:1.0}'
             style="position: relative">
            <div class="b-product-wrap-img">


                


                <a href="/produktai/beatos-virtuves-uzsaldyti-koldunai-su-kiauliena-800-g" class="b-product--imagelink b-link--product-info" aria-hidden="true" tabindex="-1"><img itemprop="image" src="https://cdn.barbora.lt/products/78d3729a-aa29-409d-8275-0a27360cef0d_s.png" alt="BEATOS VIRTUVĖS užšaldyti koldūnai su kiauliena, 800 g" /></a>
                <a href="/produktai/beatos-virtuves-uzsaldyti-koldunai-su-kiauliena-800-g" class="b-product-title b-product-title--desktop b-link--product-info"><span itemprop="name">BEATOS VIRTUVĖS užšaldyti koldūnai su kiauliena, 800 g</span></a>




<div class="b-product-prices-block" itemprop="offers" itemscope itemtype="http://schema.org/Offer">
    

    <div class="b-product-prices-block--loyalty">
    </div>

    <div>
        <div class="b-product-price-current" itemprop="priceCurrency" content="EUR">

            <span class="b-product-price-current-number"
                  itemprop="price"
                  content="4.49">
                €4,49
            </span>

            <link rel="external" itemprop="availability" href="http://schema.org/InStock" />
        </div>

            <del class="b-product-crossed-out-price">€6,49</del>

    </div>

    <div class="b-product-price--extra">


        <div>€5,61/kg</div>
    </div>

</div>
            </div>

            <div class="b-product-info-wrap">
                <div class="b-product clearfix">

                    <div class="b-product-promo-labels">




    <div class="b-product-promo-label-primary" promo-tooltip="Akcija galioja iki 2022-10-31">

<svg
    class="b-icon"
    
    style="" 
>
    <use xlink:href="#label-offer-percent"></use>
</svg>
    </div>

    



</div>


                    <div class="b-product--info-icons">

                        <a href="/produktai/beatos-virtuves-uzsaldyti-koldunai-su-kiauliena-800-g" class="b-product-title b-product-title--mobile b-link--product-info">BEATOS VIRTUVĖS užšaldyti koldūnai su kiauliena, 800 g</a>
                        
                            <div class="b-product-promo-labels--mobile">
        


    </div>

    <div class="b-product-goalgroups clearfix">









        <button class="b-icon-favourite"></button>
    </div>
    <span class="favourites-tooltip-placeholder"></span>

<div class="b-product-goalgroups b-product-goalgroup--vertical clearfix">

</div>

                    </div>

<div class="b-product-price-cart-link clearfix">
    <div class="b-product-cart-link clearfix">
        <div class="b-quantity-select--placeholder clearfix"></div>
    </div>
</div>

                </div>
            </div>


        </div>
        <div class="b-product--wrap2--cross-sell">
            <div class="b-product--wrap2--cross-sell-styles">
                <span>KARTU REKOMENDUOJAME</span>
                <span>
                    <button type="button" class="close" aria-label="Uždaryti">
                        <svg
    class="b-icon"
    
    style="" 
>
    <use xlink:href="#cross"></use>
</svg>
                    </button>
                </span>
            </div>
        </div>
</div>

                        
                        
                            

<div class="b-product--wrap2 b-product--desktop-grid" itemscope itemprop="isRelatedTo" itemtype="http://schema.org/Product">
        <div class="b-product--wrap clearfix b-product--js-hook   "
             data-b-root-cat-id="acb55842-a24c-44d1-b948-082e2cdb596b"
             data-b-item-id="000000000000066160"
             data-b-units='{"units": [{"id":0,"price":5.7900,"unit":"vnt.","min":1.0,"max":6.0,"step":1.0,"defaultValue":1.0}]}'
             data-b-for-cart='{&quot;id&quot;:&quot;000000000000066160&quot;,&quot;product_position_in_list&quot;:7,&quot;title&quot;:&quot;Saulėgrąžų aliejus NATURA, 1 l&quot;,&quot;category_id&quot;:&quot;ea75df6a-bc3a-4c36-a9a2-ab77bcb6523d&quot;,&quot;category_name_full_path&quot;:&quot;Bakalėja/Aliejus ir actas/Saulėgrąžų aliejus&quot;,&quot;root_category_id&quot;:&quot;acb55842-a24c-44d1-b948-082e2cdb596b&quot;,&quot;brand_name&quot;:&quot;Natura&quot;,&quot;price&quot;:5.7900,&quot;image&quot;:&quot;https://cdn.barbora.lt/products/a949b133-b4bb-474a-8bcb-a2779a061f59_s.png&quot;,&quot;comparative_unit&quot;:&quot;l&quot;,&quot;comparative_unit_price&quot;:5.79,&quot;status&quot;:&quot;active&quot;,&quot;popUpText&quot;:null,&quot;age_limitation&quot;:null,&quot;picking_actions&quot;:[],&quot;list&quot;:&quot;Pagrindinis puslapis&quot;,&quot;sectionTitle&quot;:&quot;Populiaros prekės&quot;,&quot;quantity&quot;:1.0}'
             style="position: relative">
            <div class="b-product-wrap-img">


                


                <a href="/produktai/saulegrazu-aliejus-natura-1-l" class="b-product--imagelink b-link--product-info" aria-hidden="true" tabindex="-1"><img itemprop="image" src="https://cdn.barbora.lt/products/a949b133-b4bb-474a-8bcb-a2779a061f59_s.png" alt="Saulėgrąžų aliejus NATURA, 1 l" /></a>
                <a href="/produktai/saulegrazu-aliejus-natura-1-l" class="b-product-title b-product-title--desktop b-link--product-info"><span itemprop="name">Saulėgrąžų aliejus NATURA, 1 l</span></a>




<div class="b-product-prices-block" itemprop="offers" itemscope itemtype="http://schema.org/Offer">
    

    <div class="b-product-prices-block--loyalty">
    </div>

    <div>
        <div class="b-product-price-current" itemprop="priceCurrency" content="EUR">

            <span class="b-product-price-current-number"
                  itemprop="price"
                  content="5.79">
                €5,79
            </span>

            <link rel="external" itemprop="availability" href="http://schema.org/InStock" />
        </div>


    </div>

    <div class="b-product-price--extra">


        <div>€5,79/l</div>
    </div>

</div>
            </div>

            <div class="b-product-info-wrap">
                <div class="b-product clearfix">

                    <div class="b-product-promo-labels">





    



</div>


                    <div class="b-product--info-icons">

                        <a href="/produktai/saulegrazu-aliejus-natura-1-l" class="b-product-title b-product-title--mobile b-link--product-info">Saulėgrąžų aliejus NATURA, 1 l</a>
                        
                        
    <div class="b-product-goalgroups clearfix">









        <button class="b-icon-favourite"></button>
    </div>
    <span class="favourites-tooltip-placeholder"></span>

<div class="b-product-goalgroups b-product-goalgroup--vertical clearfix">

</div>

                    </div>

<div class="b-product-price-cart-link clearfix">
    <div class="b-product-cart-link clearfix">
        <div class="b-quantity-select--placeholder clearfix"></div>
    </div>
</div>

                </div>
            </div>


        </div>
        <div class="b-product--wrap2--cross-sell">
            <div class="b-product--wrap2--cross-sell-styles">
                <span>KARTU REKOMENDUOJAME</span>
                <span>
                    <button type="button" class="close" aria-label="Uždaryti">
                        <svg
    class="b-icon"
    
    style="" 
>
    <use xlink:href="#cross"></use>
</svg>
                    </button>
                </span>
            </div>
        </div>
</div>

                        
                        
                            

<div class="b-product--wrap2 b-product--desktop-grid" itemscope itemprop="isRelatedTo" itemtype="http://schema.org/Product">
        <div class="b-product--wrap clearfix b-product--js-hook   "
             data-b-root-cat-id="acb55842-a24c-44d1-b948-082e2cdb596b"
             data-b-item-id="000000000000652986"
             data-b-units='{"units": [{"id":0,"price":10.7900,"unit":"vnt.","min":1.0,"max":16.0,"step":1.0,"defaultValue":1.0}]}'
             data-b-for-cart='{&quot;id&quot;:&quot;000000000000652986&quot;,&quot;product_position_in_list&quot;:8,&quot;title&quot;:&quot;Malta kava DALLMAYR PRODOMO, 500 g&quot;,&quot;category_id&quot;:&quot;fa7c6205-bc8f-4312-9fbe-7f72a1056f74&quot;,&quot;category_name_full_path&quot;:&quot;Bakalėja/Kava, kavos gėrimai ir kakava/Malta kava&quot;,&quot;root_category_id&quot;:&quot;acb55842-a24c-44d1-b948-082e2cdb596b&quot;,&quot;brand_name&quot;:&quot;Dallmayr Prodomo&quot;,&quot;price&quot;:10.7900,&quot;image&quot;:&quot;https://cdn.barbora.lt/products/2bc2586a-b332-475c-938f-e9326d19ad44_s.png&quot;,&quot;comparative_unit&quot;:&quot;kg&quot;,&quot;comparative_unit_price&quot;:21.58,&quot;status&quot;:&quot;active&quot;,&quot;popUpText&quot;:null,&quot;age_limitation&quot;:null,&quot;picking_actions&quot;:[],&quot;list&quot;:&quot;Pagrindinis puslapis&quot;,&quot;sectionTitle&quot;:&quot;Populiaros prekės&quot;,&quot;quantity&quot;:1.0}'
             style="position: relative">
            <div class="b-product-wrap-img">


                


                <a href="/produktai/malta-kava-dallmayr-prodomo-500-g" class="b-product--imagelink b-link--product-info" aria-hidden="true" tabindex="-1"><img itemprop="image" src="https://cdn.barbora.lt/products/2bc2586a-b332-475c-938f-e9326d19ad44_s.png" alt="Malta kava DALLMAYR PRODOMO, 500 g" /></a>
                <a href="/produktai/malta-kava-dallmayr-prodomo-500-g" class="b-product-title b-product-title--desktop b-link--product-info"><span itemprop="name">Malta kava DALLMAYR PRODOMO, 500 g</span></a>




<div class="b-product-prices-block" itemprop="offers" itemscope itemtype="http://schema.org/Offer">
    

    <div class="b-product-prices-block--loyalty">
    </div>

    <div>
        <div class="b-product-price-current" itemprop="priceCurrency" content="EUR">

            <span class="b-product-price-current-number"
                  itemprop="price"
                  content="10.79">
                €10,79
            </span>

            <link rel="external" itemprop="availability" href="http://schema.org/InStock" />
        </div>


    </div>

    <div class="b-product-price--extra">


        <div>€21,58/kg</div>
    </div>

</div>
            </div>

            <div class="b-product-info-wrap">
                <div class="b-product clearfix">

                    <div class="b-product-promo-labels">





    



</div>


                    <div class="b-product--info-icons">

                        <a href="/produktai/malta-kava-dallmayr-prodomo-500-g" class="b-product-title b-product-title--mobile b-link--product-info">Malta kava DALLMAYR PRODOMO, 500 g</a>
                        
                        
    <div class="b-product-goalgroups clearfix">









        <button class="b-icon-favourite"></button>
    </div>
    <span class="favourites-tooltip-placeholder"></span>

<div class="b-product-goalgroups b-product-goalgroup--vertical clearfix">

</div>

                    </div>

<div class="b-product-price-cart-link clearfix">
    <div class="b-product-cart-link clearfix">
        <div class="b-quantity-select--placeholder clearfix"></div>
    </div>
</div>

                </div>
            </div>


        </div>
        <div class="b-product--wrap2--cross-sell">
            <div class="b-product--wrap2--cross-sell-styles">
                <span>KARTU REKOMENDUOJAME</span>
                <span>
                    <button type="button" class="close" aria-label="Uždaryti">
                        <svg
    class="b-icon"
    
    style="" 
>
    <use xlink:href="#cross"></use>
</svg>
                    </button>
                </span>
            </div>
        </div>
</div>

                        
                        
                            

<div class="b-product--wrap2 b-product--desktop-grid" itemscope itemprop="isRelatedTo" itemtype="http://schema.org/Product">
        <div class="b-product--wrap clearfix b-product--js-hook   "
             data-b-root-cat-id="4285f7d7-5d92-4eb2-a85c-4772fed50091"
             data-b-item-id="000000000000844078"
             data-b-units='{"units": [{"id":0,"price":15.9900,"unit":"kg","min":0.3,"max":0.9,"step":0.3,"defaultValue":0.3,"weightableRatio":3.3333333333333333333333333333},{"id":1,"price":4.79700,"unit":"vnt.","min":1.0,"max":3.0,"step":1.0,"defaultValue":1.0,"weightableRatio":0.3}]}'
             data-b-for-cart='{&quot;id&quot;:&quot;000000000000844078&quot;,&quot;product_position_in_list&quot;:9,&quot;title&quot;:&quot;Ekologiškas varškės sūris DOBILAS, 13% rieb., 1 kg&quot;,&quot;category_id&quot;:&quot;41826ec4-d43f-4e51-bf9c-0dac5e93f5ff&quot;,&quot;category_name_full_path&quot;:&quot;Pieno gaminiai ir kiaušiniai/Sūris/Varškės sūriai&quot;,&quot;root_category_id&quot;:&quot;4285f7d7-5d92-4eb2-a85c-4772fed50091&quot;,&quot;brand_name&quot;:&quot;Dobilas&quot;,&quot;price&quot;:15.9900,&quot;image&quot;:&quot;https://cdn.barbora.lt/products/53fac887-fd28-4093-b04b-1b0500f43868_s.png&quot;,&quot;comparative_unit&quot;:&quot;kg&quot;,&quot;comparative_unit_price&quot;:15.99,&quot;status&quot;:&quot;active&quot;,&quot;popUpText&quot;:null,&quot;age_limitation&quot;:null,&quot;picking_actions&quot;:[],&quot;list&quot;:&quot;Pagrindinis puslapis&quot;,&quot;sectionTitle&quot;:&quot;Populiaros prekės&quot;,&quot;quantity&quot;:0.3}'
             style="position: relative">
            <div class="b-product-wrap-img">


                


                <a href="/produktai/ekologiskas-varskes-suris-dobilas-13-proc-rieb-1-kg" class="b-product--imagelink b-link--product-info" aria-hidden="true" tabindex="-1"><img itemprop="image" src="https://cdn.barbora.lt/products/53fac887-fd28-4093-b04b-1b0500f43868_s.png" alt="Ekologiškas varškės sūris DOBILAS, 13% rieb., 1 kg" /></a>
                <a href="/produktai/ekologiskas-varskes-suris-dobilas-13-proc-rieb-1-kg" class="b-product-title b-product-title--desktop b-link--product-info"><span itemprop="name">Ekologiškas varškės sūris DOBILAS, 13% rieb., 1 kg</span></a>




<div class="b-product-prices-block" itemprop="offers" itemscope itemtype="http://schema.org/Offer">
    

    <div class="b-product-prices-block--loyalty">
    </div>

    <div>
        <div class="b-product-price-current" itemprop="priceCurrency" content="EUR">

            <span class="b-product-price-current-number"
                  itemprop="price"
                  content="15.99">
                €15,99
            </span>

            <link rel="external" itemprop="availability" href="http://schema.org/InStock" />
        </div>


    </div>

    <div class="b-product-price--extra">


        <div>€15,99/kg</div>
    </div>

</div>
            </div>

            <div class="b-product-info-wrap">
                <div class="b-product clearfix">

                    <div class="b-product-promo-labels">





    



</div>


                    <div class="b-product--info-icons">

                        <a href="/produktai/ekologiskas-varskes-suris-dobilas-13-proc-rieb-1-kg" class="b-product-title b-product-title--mobile b-link--product-info">Ekologiškas varškės sūris DOBILAS, 13% rieb., 1 kg</a>
                        
                        
    <div class="b-product-goalgroups clearfix">









        <button class="b-icon-favourite"></button>
    </div>
    <span class="favourites-tooltip-placeholder"></span>

<div class="b-product-goalgroups b-product-goalgroup--vertical clearfix">

</div>

                    </div>

<div class="b-product-price-cart-link clearfix">
    <div class="b-product-cart-link clearfix">
        <div class="b-quantity-select--placeholder clearfix"></div>
    </div>
</div>

                </div>
            </div>


        </div>
        <div class="b-product--wrap2--cross-sell">
            <div class="b-product--wrap2--cross-sell-styles">
                <span>KARTU REKOMENDUOJAME</span>
                <span>
                    <button type="button" class="close" aria-label="Uždaryti">
                        <svg
    class="b-icon"
    
    style="" 
>
    <use xlink:href="#cross"></use>
</svg>
                    </button>
                </span>
            </div>
        </div>
</div>

                        
                        
                            

<div class="b-product--wrap2 b-product--desktop-grid" itemscope itemprop="isRelatedTo" itemtype="http://schema.org/Product">
        <div class="b-product--wrap clearfix b-product--js-hook   "
             data-b-root-cat-id="acb55842-a24c-44d1-b948-082e2cdb596b"
             data-b-item-id="000000000001003514"
             data-b-units='{"units": [{"id":0,"price":13.9900,"unit":"kg","min":0.2,"max":3.5,"step":0.2,"defaultValue":0.2}]}'
             data-b-for-cart='{&quot;id&quot;:&quot;000000000001003514&quot;,&quot;product_position_in_list&quot;:10,&quot;title&quot;:&quot;Saldainiai SNICKERS, 1 kg&quot;,&quot;category_id&quot;:&quot;c8012ab3-215b-492e-b7c3-ff8fb0b0a98d&quot;,&quot;category_name_full_path&quot;:&quot;Bakalėja/Saldumynai/Sveriami saldainiai&quot;,&quot;root_category_id&quot;:&quot;acb55842-a24c-44d1-b948-082e2cdb596b&quot;,&quot;brand_name&quot;:&quot;Snickers&quot;,&quot;price&quot;:13.9900,&quot;image&quot;:&quot;https://cdn.barbora.lt/products/bee9ac5e-7d64-4034-a181-56520aefb5d6_s.png&quot;,&quot;comparative_unit&quot;:&quot;kg&quot;,&quot;comparative_unit_price&quot;:13.99,&quot;status&quot;:&quot;active&quot;,&quot;popUpText&quot;:null,&quot;age_limitation&quot;:null,&quot;picking_actions&quot;:[],&quot;list&quot;:&quot;Pagrindinis puslapis&quot;,&quot;sectionTitle&quot;:&quot;Populiaros prekės&quot;,&quot;quantity&quot;:0.2}'
             style="position: relative">
            <div class="b-product-wrap-img">


                


                <a href="/produktai/saldainiai-snickers-1-kg" class="b-product--imagelink b-link--product-info" aria-hidden="true" tabindex="-1"><img itemprop="image" src="https://cdn.barbora.lt/products/bee9ac5e-7d64-4034-a181-56520aefb5d6_s.png" alt="Saldainiai SNICKERS, 1 kg" /></a>
                <a href="/produktai/saldainiai-snickers-1-kg" class="b-product-title b-product-title--desktop b-link--product-info"><span itemprop="name">Saldainiai SNICKERS, 1 kg</span></a>




<div class="b-product-prices-block" itemprop="offers" itemscope itemtype="http://schema.org/Offer">
    

    <div class="b-product-prices-block--loyalty">
    </div>

    <div>
        <div class="b-product-price-current" itemprop="priceCurrency" content="EUR">

            <span class="b-product-price-current-number"
                  itemprop="price"
                  content="13.99">
                €13,99
            </span>

            <link rel="external" itemprop="availability" href="http://schema.org/InStock" />
        </div>


    </div>

    <div class="b-product-price--extra">


        <div>€13,99/kg</div>
    </div>

</div>
            </div>

            <div class="b-product-info-wrap">
                <div class="b-product clearfix">

                    <div class="b-product-promo-labels">





    



</div>


                    <div class="b-product--info-icons">

                        <a href="/produktai/saldainiai-snickers-1-kg" class="b-product-title b-product-title--mobile b-link--product-info">Saldainiai SNICKERS, 1 kg</a>
                        
                        
    <div class="b-product-goalgroups clearfix">









        <button class="b-icon-favourite"></button>
    </div>
    <span class="favourites-tooltip-placeholder"></span>

<div class="b-product-goalgroups b-product-goalgroup--vertical clearfix">

</div>

                    </div>

<div class="b-product-price-cart-link clearfix">
    <div class="b-product-cart-link clearfix">
        <div class="b-quantity-select--placeholder clearfix"></div>
    </div>
</div>

                </div>
            </div>


        </div>
        <div class="b-product--wrap2--cross-sell">
            <div class="b-product--wrap2--cross-sell-styles">
                <span>KARTU REKOMENDUOJAME</span>
                <span>
                    <button type="button" class="close" aria-label="Uždaryti">
                        <svg
    class="b-icon"
    
    style="" 
>
    <use xlink:href="#cross"></use>
</svg>
                    </button>
                </span>
            </div>
        </div>
</div>

                        
                        
                            

<div class="b-product--wrap2 b-product--desktop-grid" itemscope itemprop="isRelatedTo" itemtype="http://schema.org/Product">
        <div class="b-product--wrap clearfix b-product--js-hook   "
             data-b-root-cat-id="4285f7d7-5d92-4eb2-a85c-4772fed50091"
             data-b-item-id="000000000001286405"
             data-b-units='{"units": [{"id":0,"price":5.9900,"retail_price":6.9900,"unit":"kg","min":1.1,"max":2.2,"step":1.1,"defaultValue":1.1}]}'
             data-b-for-cart='{&quot;id&quot;:&quot;000000000001286405&quot;,&quot;product_position_in_list&quot;:11,&quot;title&quot;:&quot;Pusriebė varškė SAULUTĖ su vitaminu D, 9 % rieb., 1 kg&quot;,&quot;category_id&quot;:&quot;39667633-1d61-4c45-861d-23ee62617d63&quot;,&quot;category_name_full_path&quot;:&quot;Pieno gaminiai ir kiaušiniai/Varškės produktai/Varškė&quot;,&quot;root_category_id&quot;:&quot;4285f7d7-5d92-4eb2-a85c-4772fed50091&quot;,&quot;brand_name&quot;:&quot;Žemaitijos pienas&quot;,&quot;price&quot;:5.9900,&quot;image&quot;:&quot;https://cdn.barbora.lt/products/1ee680e5-85ed-4c35-aef2-1e833c087f2c_s.png&quot;,&quot;comparative_unit&quot;:&quot;kg&quot;,&quot;comparative_unit_price&quot;:5.99,&quot;status&quot;:&quot;active&quot;,&quot;popUpText&quot;:null,&quot;age_limitation&quot;:null,&quot;picking_actions&quot;:[],&quot;list&quot;:&quot;Pagrindinis puslapis&quot;,&quot;sectionTitle&quot;:&quot;Populiaros prekės&quot;,&quot;quantity&quot;:1.1}'
             style="position: relative">
            <div class="b-product-wrap-img">


                


                <a href="/produktai/pusriebe-varske-saulute-su-vitaminu-d-9-proc-rieb-1-kg" class="b-product--imagelink b-link--product-info" aria-hidden="true" tabindex="-1"><img itemprop="image" src="https://cdn.barbora.lt/products/1ee680e5-85ed-4c35-aef2-1e833c087f2c_s.png" alt="Pusriebė varškė SAULUTĖ su vitaminu D, 9 % rieb., 1 kg" /></a>
                <a href="/produktai/pusriebe-varske-saulute-su-vitaminu-d-9-proc-rieb-1-kg" class="b-product-title b-product-title--desktop b-link--product-info"><span itemprop="name">Pusriebė varškė SAULUTĖ su vitaminu D, 9 % rieb., 1 kg</span></a>




<div class="b-product-prices-block" itemprop="offers" itemscope itemtype="http://schema.org/Offer">
    

    <div class="b-product-prices-block--loyalty">
    </div>

    <div>
        <div class="b-product-price-current" itemprop="priceCurrency" content="EUR">

            <span class="b-product-price-current-number"
                  itemprop="price"
                  content="5.99">
                €5,99
            </span>

            <link rel="external" itemprop="availability" href="http://schema.org/InStock" />
        </div>

            <del class="b-product-crossed-out-price">€6,99</del>

    </div>

    <div class="b-product-price--extra">


        <div>€5,99/kg</div>
    </div>

</div>
            </div>

            <div class="b-product-info-wrap">
                <div class="b-product clearfix">

                    <div class="b-product-promo-labels">




    <div class="b-product-promo-label-primary" promo-tooltip="Akcija galioja iki 2022-10-31">

<svg
    class="b-icon"
    
    style="" 
>
    <use xlink:href="#label-offer-percent"></use>
</svg>
    </div>

    



</div>


                    <div class="b-product--info-icons">

                        <a href="/produktai/pusriebe-varske-saulute-su-vitaminu-d-9-proc-rieb-1-kg" class="b-product-title b-product-title--mobile b-link--product-info">Pusriebė varškė SAULUTĖ su vitaminu D, 9 % rieb., 1 kg</a>
                        
                            <div class="b-product-promo-labels--mobile">
        


    </div>

    <div class="b-product-goalgroups clearfix">









        <button class="b-icon-favourite"></button>
    </div>
    <span class="favourites-tooltip-placeholder"></span>

<div class="b-product-goalgroups b-product-goalgroup--vertical clearfix">

</div>

                    </div>

<div class="b-product-price-cart-link clearfix">
    <div class="b-product-cart-link clearfix">
        <div class="b-quantity-select--placeholder clearfix"></div>
    </div>
</div>

                </div>
            </div>


        </div>
        <div class="b-product--wrap2--cross-sell">
            <div class="b-product--wrap2--cross-sell-styles">
                <span>KARTU REKOMENDUOJAME</span>
                <span>
                    <button type="button" class="close" aria-label="Uždaryti">
                        <svg
    class="b-icon"
    
    style="" 
>
    <use xlink:href="#cross"></use>
</svg>
                    </button>
                </span>
            </div>
        </div>
</div>

                        
            </div>



<script type="text/javascript">
    var products = [{"attributes":{"list":[]},"picking_actions":[],"units":[{"id":0,"price":13.9900,"unit":"kg","min":0.45,"max":1.8,"step":0.45,"defaultValue":0.45}],"is_adult":false,"inFavorites":false,"show_promo_label":true,"show_promo_price":true,"giftsCampaignItems":null,"segment_id":null,"id":"000000000000169240","title":"Karštai rūkyta kiaulienos filė su kmynais, I r., 1 kg","category_id":"bebba240-f3b4-4fb8-a53d-d4fb36f6e086","category_name_full_path":"Mėsa, žuvis ir kulinarija/Mėsos ir paukštienos gaminiai/Karštai rūkyti gaminiai","category_path_url":"mesa-zuvis-ir-kulinarija/mesos-ir-paukstienos-gaminiai/karstai-rukyti-gaminiai","root_category_id":"1271e464-f471-4dc6-b286-7ea771a218a8","brand_name":"Biovela","brand_id":2558,"shopcode":"X500","price":13.9900,"image":"https://cdn.barbora.lt/products/551b3b5f-a8b4-421a-9c42-017542df8ce9_s.png","big_image":"https://cdn.barbora.lt/products/551b3b5f-a8b4-421a-9c42-017542df8ce9_m.png","comparative_unit":"kg","comparative_unit_price":13.99,"status":"active","GiftsCampaignItems":null,"own_inventory":false,"ShowInOffersTo":null,"Url":"karstai-rukyta-kiaulienos-file-su-kmynais-i-r-1-kg-69240","ExternalSuppliers":null,"is_made_in_Eu":false,"is_made_in_Home_Country":false,"is_available_for_donations":false},{"attributes":{"list":[]},"picking_actions":[],"units":[{"id":0,"price":12.9900,"unit":"kg","min":0.2,"max":100.000,"step":0.2,"defaultValue":0.2}],"is_adult":false,"inFavorites":false,"show_promo_label":true,"show_promo_price":true,"giftsCampaignItems":null,"segment_id":null,"id":"000000000000182019","title":"Anakardžiai, 1 kg","category_id":"c089dd7c-d268-48bd-90a6-e7126313be39","category_name_full_path":"Bakalėja/Riešutai, sėklos, džiovinti vaisiai, uogos ir daržovės/Anakardžiai ir pistacijos","category_path_url":"bakaleja/riesutai-seklos-dziovinti-vaisiai-uogos-ir-darzoves/anakardziai-ir-pistacijos","root_category_id":"acb55842-a24c-44d1-b948-082e2cdb596b","brand_name":"","brand_id":null,"shopcode":"X500","price":12.9900,"image":"https://cdn.barbora.lt/products/0a07f47e-b43f-469e-9b68-732120e79e7b_s.png","big_image":"https://cdn.barbora.lt/products/0a07f47e-b43f-469e-9b68-732120e79e7b_m.png","comparative_unit":"kg","comparative_unit_price":12.99,"status":"active","GiftsCampaignItems":null,"own_inventory":false,"ShowInOffersTo":null,"Url":"anakardziai-1-kg","ExternalSuppliers":null,"is_made_in_Eu":false,"is_made_in_Home_Country":false,"is_available_for_donations":false},{"attributes":{"list":[]},"picking_actions":[],"units":[{"id":0,"price":13.6500,"unit":"kg","min":0.2,"max":2.0,"step":0.2,"defaultValue":0.2}],"is_adult":false,"inFavorites":false,"show_promo_label":true,"show_promo_price":true,"giftsCampaignItems":null,"segment_id":null,"id":"000000000000428295","title":"Kepintos ir sūdytos pistacijos, 1 kg","category_id":"c089dd7c-d268-48bd-90a6-e7126313be39","category_name_full_path":"Bakalėja/Riešutai, sėklos, džiovinti vaisiai, uogos ir daržovės/Anakardžiai ir pistacijos","category_path_url":"bakaleja/riesutai-seklos-dziovinti-vaisiai-uogos-ir-darzoves/anakardziai-ir-pistacijos","root_category_id":"acb55842-a24c-44d1-b948-082e2cdb596b","brand_name":"","brand_id":null,"shopcode":"X500","price":13.6500,"image":"https://cdn.barbora.lt/products/22a657a8-b4eb-4d74-85ab-66f9b84cf6e6_s.png","big_image":"https://cdn.barbora.lt/products/22a657a8-b4eb-4d74-85ab-66f9b84cf6e6_m.png","comparative_unit":"kg","comparative_unit_price":13.65,"status":"active","GiftsCampaignItems":null,"own_inventory":false,"ShowInOffersTo":null,"Url":"kepintos-ir-sudytos-pistacijos-1-kg","ExternalSuppliers":null,"is_made_in_Eu":false,"is_made_in_Home_Country":false,"is_available_for_donations":false},{"attributes":{"list":[]},"picking_actions":[],"units":[{"id":0,"price":5.9900,"retail_price":9.9900,"unit":"vnt.","min":1.0,"max":4.0,"step":1.0,"defaultValue":1.0}],"is_adult":false,"inFavorites":false,"extra":{"is_sellout":true,"discount":40.0,"buy_x_quantity_for_y_price_promo":null,"maxi_pack_price_promo":null,"is_with_card":false,"extra_loyalty_points":null,"is_new":false,"is_top":false,"is_time":null,"is_today":false,"is_gift_available":false,"is_not_available_for_cnc":false,"is_not_available_for_pup":false},"show_promo_label":true,"show_promo_price":true,"giftsCampaignItems":null,"segment_id":null,"id":"000000000000673022","title":"Vytinta jautienos kumpinė dešra, a. r., 200 g","category_id":"5994a3ca-61fc-442f-b8d5-7b627ed8c91b","category_name_full_path":"Mėsa, žuvis ir kulinarija/Mėsos ir paukštienos gaminiai/Vytintos dešros","category_path_url":"mesa-zuvis-ir-kulinarija/mesos-ir-paukstienos-gaminiai/vytintos-desros","root_category_id":"1271e464-f471-4dc6-b286-7ea771a218a8","brand_name":"Biovela","brand_id":2558,"shopcode":"X500","price":5.9900,"retail_price":9.9900,"image":"https://cdn.barbora.lt/products/085096b6-8c29-4211-90c6-8eba77d83241_s.png","big_image":"https://cdn.barbora.lt/products/085096b6-8c29-4211-90c6-8eba77d83241_m.png","comparative_unit":"kg","comparative_unit_price":29.95,"status":"active","GiftsCampaignItems":null,"own_inventory":false,"ShowInOffersTo":"2022-10-31T00:00:00","Url":"vytinta-jautienos-kumpine-desra-a-r-200-g","ExternalSuppliers":null,"is_made_in_Eu":false,"is_made_in_Home_Country":false,"is_available_for_donations":false},{"attributes":{"list":[]},"picking_actions":[],"units":[{"id":0,"price":17.4900,"unit":"kg","min":1.0,"max":3.5,"step":1.0,"defaultValue":1.0,"weightableRatio":1.0},{"id":1,"price":17.4900,"unit":"vnt.","min":1.0,"max":3.0,"step":1.0,"defaultValue":1.0,"weightableRatio":1.0}],"is_adult":false,"inFavorites":false,"extra":{"is_sellout":false,"discount":0.0,"buy_x_quantity_for_y_price_promo":null,"maxi_pack_price_promo":null,"is_with_card":false,"extra_loyalty_points":null,"is_new":false,"is_top":false,"is_time":0,"is_today":true,"is_gift_available":false,"is_not_available_for_cnc":false,"is_not_available_for_pup":false},"show_promo_label":true,"show_promo_price":true,"giftsCampaignItems":null,"segment_id":null,"id":"000000000000949174","title":"Šviežia atlantinių lašišų (lot. Salmo salar) filė, su oda, 1 kg","category_id":"a3513a0e-cd74-4602-a04a-bfa94675974f","category_name_full_path":"Mėsa, žuvis ir kulinarija/Šviežios žuvys ir jūrų gėrybės/Šviežia žuvis","category_path_url":"mesa-zuvis-ir-kulinarija/sviezios-zuvys-ir-juru-gerybes/sviezia-zuvis","root_category_id":"1271e464-f471-4dc6-b286-7ea771a218a8","brand_name":"Meistro Kokybė","brand_id":2528,"shopcode":"X500","price":17.4900,"image":"https://cdn.barbora.lt/products/9bca1386-7091-4629-a950-242bdd3e844b_s.png","big_image":"https://cdn.barbora.lt/products/9bca1386-7091-4629-a950-242bdd3e844b_m.png","comparative_unit":"kg","comparative_unit_price":17.49,"status":"active","GiftsCampaignItems":null,"own_inventory":false,"ShowInOffersTo":null,"Url":"sviezia-atlantiniu-lasisu-lot-salmo-salar-file-su-oda-1-kg","ExternalSuppliers":null,"is_made_in_Eu":false,"is_made_in_Home_Country":false,"is_available_for_donations":false},{"attributes":{"list":[]},"picking_actions":[],"units":[{"id":0,"price":9.9900,"unit":"vnt.","min":1.0,"max":6.0,"step":1.0,"defaultValue":1.0}],"is_adult":false,"inFavorites":false,"show_promo_label":true,"show_promo_price":true,"giftsCampaignItems":null,"segment_id":null,"id":"000000000001008651","title":"Virtos šaldytos tigrinės krevetės NOWACO EXCLUSIVE be kiautų, 300 g","category_id":"8b323802-65cb-471e-a21c-7044af308b1e","category_name_full_path":"Šaldytas maistas/Šaldytos žuvys ir jūrų gėrybės/Šaldytos krevetės","category_path_url":"saldytas-maistas/saldytos-zuvys-ir-juru-gerybes/saldytos-krevetes","root_category_id":"c62fbd14-edaa-47f6-8e7e-56ccefe4e5c9","brand_name":"Nowaco","brand_id":2561,"shopcode":"X500","price":9.9900,"image":"https://cdn.barbora.lt/products/52582ab0-a011-463b-9387-a9716c769acf_s.png","big_image":"https://cdn.barbora.lt/products/52582ab0-a011-463b-9387-a9716c769acf_m.png","comparative_unit":"kg","comparative_unit_price":33.30,"status":"active","GiftsCampaignItems":null,"own_inventory":false,"ShowInOffersTo":null,"Url":"virtos-saldytos-tigrines-krevetes-nowaco-exclusive-be-kiautu-300-g","ExternalSuppliers":null,"is_made_in_Eu":false,"is_made_in_Home_Country":false,"is_available_for_donations":false},{"attributes":{"list":[]},"picking_actions":[],"units":[{"id":0,"price":4.4900,"retail_price":6.4900,"unit":"vnt.","min":1.0,"max":4.0,"step":1.0,"defaultValue":1.0}],"is_adult":false,"inFavorites":false,"extra":{"is_sellout":true,"discount":0.0,"buy_x_quantity_for_y_price_promo":null,"maxi_pack_price_promo":null,"is_with_card":false,"extra_loyalty_points":null,"is_new":false,"is_top":false,"is_time":null,"is_today":false,"is_gift_available":false,"is_not_available_for_cnc":false,"is_not_available_for_pup":false},"show_promo_label":true,"show_promo_price":true,"giftsCampaignItems":null,"segment_id":null,"id":"000000000001177545","title":"BEATOS VIRTUVĖS užšaldyti koldūnai su kiauliena, 800 g","category_id":"7793b186-74e9-46d9-a1ac-74bab4c210a3","category_name_full_path":"Šaldytas maistas/Šaldyti kulinarijos ir konditerijos gaminiai/Šaldyti koldūnai ir virtiniai","category_path_url":"saldytas-maistas/saldyti-kulinarijos-ir-konditerijos-gaminiai/saldyti-koldunai-ir-virtiniai","root_category_id":"c62fbd14-edaa-47f6-8e7e-56ccefe4e5c9","brand_name":"Beatos virtuvė","brand_id":3133,"shopcode":"X500","price":4.4900,"retail_price":6.4900,"image":"https://cdn.barbora.lt/products/78d3729a-aa29-409d-8275-0a27360cef0d_s.png","big_image":"https://cdn.barbora.lt/products/78d3729a-aa29-409d-8275-0a27360cef0d_m.png","comparative_unit":"kg","comparative_unit_price":5.61,"status":"active","GiftsCampaignItems":null,"own_inventory":false,"ShowInOffersTo":"2022-10-31T00:00:00","Url":"beatos-virtuves-uzsaldyti-koldunai-su-kiauliena-800-g","ExternalSuppliers":null,"is_made_in_Eu":false,"is_made_in_Home_Country":false,"is_available_for_donations":false},{"attributes":{"list":[]},"picking_actions":[],"units":[{"id":0,"price":5.7900,"unit":"vnt.","min":1.0,"max":6.0,"step":1.0,"defaultValue":1.0}],"is_adult":false,"inFavorites":false,"show_promo_label":true,"show_promo_price":true,"giftsCampaignItems":null,"segment_id":null,"id":"000000000000066160","title":"Saulėgrąžų aliejus NATURA, 1 l","category_id":"ea75df6a-bc3a-4c36-a9a2-ab77bcb6523d","category_name_full_path":"Bakalėja/Aliejus ir actas/Saulėgrąžų aliejus","category_path_url":"bakaleja/aliejus-ir-actas/saulegrazu-aliejus","root_category_id":"acb55842-a24c-44d1-b948-082e2cdb596b","brand_name":"Natura","brand_id":2438,"shopcode":"X500","price":5.7900,"image":"https://cdn.barbora.lt/products/a949b133-b4bb-474a-8bcb-a2779a061f59_s.png","big_image":"https://cdn.barbora.lt/products/a949b133-b4bb-474a-8bcb-a2779a061f59_m.png","comparative_unit":"l","comparative_unit_price":5.79,"status":"active","GiftsCampaignItems":null,"own_inventory":false,"ShowInOffersTo":null,"Url":"saulegrazu-aliejus-natura-1-l","ExternalSuppliers":null,"is_made_in_Eu":false,"is_made_in_Home_Country":false,"is_available_for_donations":false},{"attributes":{"list":[]},"picking_actions":[],"units":[{"id":0,"price":10.7900,"unit":"vnt.","min":1.0,"max":16.0,"step":1.0,"defaultValue":1.0}],"is_adult":false,"inFavorites":false,"show_promo_label":true,"show_promo_price":true,"giftsCampaignItems":null,"segment_id":null,"id":"000000000000652986","title":"Malta kava DALLMAYR PRODOMO, 500 g","category_id":"fa7c6205-bc8f-4312-9fbe-7f72a1056f74","category_name_full_path":"Bakalėja/Kava, kavos gėrimai ir kakava/Malta kava","category_path_url":"bakaleja/kava-kavos-gerimai-ir-kakava/malta-kava","root_category_id":"acb55842-a24c-44d1-b948-082e2cdb596b","brand_name":"Dallmayr Prodomo","brand_id":2830,"shopcode":"X500","price":10.7900,"image":"https://cdn.barbora.lt/products/2bc2586a-b332-475c-938f-e9326d19ad44_s.png","big_image":"https://cdn.barbora.lt/products/2bc2586a-b332-475c-938f-e9326d19ad44_m.png","comparative_unit":"kg","comparative_unit_price":21.58,"status":"active","GiftsCampaignItems":null,"own_inventory":false,"ShowInOffersTo":null,"Url":"malta-kava-dallmayr-prodomo-500-g","ExternalSuppliers":null,"is_made_in_Eu":false,"is_made_in_Home_Country":false,"is_available_for_donations":false},{"attributes":{"list":[]},"picking_actions":[],"units":[{"id":0,"price":15.9900,"unit":"kg","min":0.3,"max":0.9,"step":0.3,"defaultValue":0.3,"weightableRatio":3.3333333333333333333333333333},{"id":1,"price":4.79700,"unit":"vnt.","min":1.0,"max":3.0,"step":1.0,"defaultValue":1.0,"weightableRatio":0.3}],"is_adult":false,"inFavorites":false,"show_promo_label":true,"show_promo_price":true,"giftsCampaignItems":null,"segment_id":null,"id":"000000000000844078","title":"Ekologiškas varškės sūris DOBILAS, 13% rieb., 1 kg","category_id":"41826ec4-d43f-4e51-bf9c-0dac5e93f5ff","category_name_full_path":"Pieno gaminiai ir kiaušiniai/Sūris/Varškės sūriai","category_path_url":"pieno-gaminiai-ir-kiausiniai/suris/varskes-suriai","root_category_id":"4285f7d7-5d92-4eb2-a85c-4772fed50091","brand_name":"Dobilas","brand_id":2766,"shopcode":"X500","price":15.9900,"image":"https://cdn.barbora.lt/products/53fac887-fd28-4093-b04b-1b0500f43868_s.png","big_image":"https://cdn.barbora.lt/products/53fac887-fd28-4093-b04b-1b0500f43868_m.png","comparative_unit":"kg","comparative_unit_price":15.99,"status":"active","GiftsCampaignItems":null,"own_inventory":false,"ShowInOffersTo":null,"Url":"ekologiskas-varskes-suris-dobilas-13-proc-rieb-1-kg","ExternalSuppliers":null,"is_made_in_Eu":true,"is_made_in_Home_Country":true,"is_available_for_donations":false},{"attributes":{"list":[]},"picking_actions":[],"units":[{"id":0,"price":13.9900,"unit":"kg","min":0.2,"max":3.5,"step":0.2,"defaultValue":0.2}],"is_adult":false,"inFavorites":false,"show_promo_label":true,"show_promo_price":true,"giftsCampaignItems":null,"segment_id":null,"id":"000000000001003514","title":"Saldainiai SNICKERS, 1 kg","category_id":"c8012ab3-215b-492e-b7c3-ff8fb0b0a98d","category_name_full_path":"Bakalėja/Saldumynai/Sveriami saldainiai","category_path_url":"bakaleja/saldumynai/sveriami-saldainiai","root_category_id":"acb55842-a24c-44d1-b948-082e2cdb596b","brand_name":"Snickers","brand_id":2510,"shopcode":"X500","price":13.9900,"image":"https://cdn.barbora.lt/products/bee9ac5e-7d64-4034-a181-56520aefb5d6_s.png","big_image":"https://cdn.barbora.lt/products/bee9ac5e-7d64-4034-a181-56520aefb5d6_m.png","comparative_unit":"kg","comparative_unit_price":13.99,"status":"active","GiftsCampaignItems":null,"own_inventory":false,"ShowInOffersTo":null,"Url":"saldainiai-snickers-1-kg","ExternalSuppliers":null,"is_made_in_Eu":false,"is_made_in_Home_Country":false,"is_available_for_donations":false},{"attributes":{"list":[]},"picking_actions":[],"units":[{"id":0,"price":5.9900,"retail_price":6.9900,"unit":"kg","min":1.1,"max":2.2,"step":1.1,"defaultValue":1.1}],"is_adult":false,"inFavorites":false,"extra":{"is_sellout":true,"discount":0.0,"buy_x_quantity_for_y_price_promo":null,"maxi_pack_price_promo":null,"is_with_card":false,"extra_loyalty_points":null,"is_new":false,"is_top":false,"is_time":null,"is_today":false,"is_gift_available":false,"is_not_available_for_cnc":false,"is_not_available_for_pup":false},"show_promo_label":true,"show_promo_price":true,"giftsCampaignItems":null,"segment_id":null,"id":"000000000001286405","title":"Pusriebė varškė SAULUTĖ su vitaminu D, 9 % rieb., 1 kg","category_id":"39667633-1d61-4c45-861d-23ee62617d63","category_name_full_path":"Pieno gaminiai ir kiaušiniai/Varškės produktai/Varškė","category_path_url":"pieno-gaminiai-ir-kiausiniai/varskes-produktai/varske","root_category_id":"4285f7d7-5d92-4eb2-a85c-4772fed50091","brand_name":"Žemaitijos pienas","brand_id":2541,"shopcode":"X500","price":5.9900,"retail_price":6.9900,"image":"https://cdn.barbora.lt/products/1ee680e5-85ed-4c35-aef2-1e833c087f2c_s.png","big_image":"https://cdn.barbora.lt/products/1ee680e5-85ed-4c35-aef2-1e833c087f2c_m.png","comparative_unit":"kg","comparative_unit_price":5.99,"status":"active","GiftsCampaignItems":null,"own_inventory":false,"ShowInOffersTo":"2022-10-31T00:00:00","Url":"pusriebe-varske-saulute-su-vitaminu-d-9-proc-rieb-1-kg","ExternalSuppliers":null,"is_made_in_Eu":false,"is_made_in_Home_Country":false,"is_available_for_donations":false}];
    var productListingSourceName = 'Pagrindinis puslapis';
    var productSectionName = 'Populiaros prekės';

    var productsWithListAndPositionForAnalytics =
        products === undefined
            ? []
            : products.map(function (product, index) {
                product.product_position_in_list = index;
                product.list = productListingSourceName;
                product.sectionName = productSectionName;
                return product;
            });

    window.reportUserActionToThirdParty("impression", productsWithListAndPositionForAnalytics);
</script>
</div>

                                
<div class="b-product-section--overlay-background">
    <button class="b-product-section--show-more" data-items-load="5">
        <div class="b-product-section--show-more-inner">
            <svg
    class="b-icon"
    
    style="width: 1em; height: 1em;" 
>
    <use xlink:href="#plus-bold"></use>
</svg>
            Žiūrėti daugiau
        </div>
    </button>
</div>
<div class="b-current-index" style="display:none">5</div>


                            </div>
                        </section>
                    
                        <section class="b-display--tablet b-display--desktop">
                            <div class="b-home--product-list-wrapper">
                                <div class="b-product-slider--container b-home-product-list-container">
                                    



<div class="b-section--heading">
    <h2 class="b-section--title">Rekomenduojamos akcijos</h2>
        <a href="/akcijos" class="b-section--view-more" onclick="window.reportUserActionToGtm('elementClick', 'clickOnViewAll - homepage', 'Rekomenduojamos akcijos')">
            Peržiūrėti viską
            <svg
    class="b-icon"
    
    style="width: 0.62em; height: 0.62em;" 
>
    <use xlink:href="#chevron-right"></use>
</svg>
        </a>

</div>
<div class="b-products-list--wrapper">


        <div class="b-products-list items clearfix b-products-allow-desktop-view b-products-allow-mobile-view">

            <div class="b-block-slider b-block-slider--products" data-b-block-slider-params='{"slideWidth": 206, "infiniteLoop": false}'>
                <div class="b-product-slider--btn-wrap b-product-slider--btn-wrap--prev">
                    <button class="b-block-slider--prev" disabled><svg
    class="b-icon"
    
    style="width: 1em; height: 1em;" 
>
    <use xlink:href="#chevron-left"></use>
</svg></button>
                </div>
                <div class="b-product-slider--btn-wrap b-product-slider--btn-wrap--next">
                    <button class="b-block-slider--next"><svg
    class="b-icon"
    
    style="width: 1em; height: 1em;" 
>
    <use xlink:href="#chevron-right"></use>
</svg></button>
                </div>
                <div class="b-block-slider--inner">
<div class="b-block-slider--slide">
                            

<div class="b-product--wrap2" itemscope itemprop="isRelatedTo" itemtype="http://schema.org/Product">
        <div class="b-product--wrap clearfix b-product--js-hook   "
             data-b-root-cat-id="2456a910-eacb-4537-b214-17ed21682888"
             data-b-item-id="000000000000181140"
             data-b-units='{"units": [{"id":0,"price":0.3900,"retail_price":0.9900,"unit":"kg","min":6.0,"max":14.0,"step":6.0,"defaultValue":6.0,"weightableRatio":0.1666666666666666666666666667},{"id":1,"price":2.3400,"retail_price":5.94,"unit":"vnt.","min":1.0,"max":2.0,"step":1.0,"defaultValue":1.0,"weightableRatio":6.0}]}'
             data-b-for-cart='{&quot;id&quot;:&quot;000000000000181140&quot;,&quot;product_position_in_list&quot;:1,&quot;title&quot;:&quot;Moliūgai, 1 kg&quot;,&quot;category_id&quot;:&quot;ede544ad-3ea5-4769-876a-4e3c8f55de1b&quot;,&quot;category_name_full_path&quot;:&quot;Daržovės ir vaisiai/Daržovės/Moliūgai ir cukinijos&quot;,&quot;root_category_id&quot;:&quot;2456a910-eacb-4537-b214-17ed21682888&quot;,&quot;brand_name&quot;:&quot;&quot;,&quot;price&quot;:0.3900,&quot;image&quot;:&quot;https://cdn.barbora.lt/products/683808b4-a189-4540-8936-fbe3607694b6_s.png&quot;,&quot;comparative_unit&quot;:&quot;kg&quot;,&quot;comparative_unit_price&quot;:0.39,&quot;status&quot;:&quot;active&quot;,&quot;popUpText&quot;:null,&quot;age_limitation&quot;:null,&quot;picking_actions&quot;:[],&quot;list&quot;:&quot;Pagrindinis puslapis&quot;,&quot;sectionTitle&quot;:&quot;Rekomenduojamos akcijos&quot;,&quot;quantity&quot;:6.0}'
             style="position: relative">
            <div class="b-product-wrap-img">


                


                <a href="/produktai/moliugai-1-kg" class="b-product--imagelink b-link--product-info" aria-hidden="true" tabindex="-1"><img itemprop="image" src="https://cdn.barbora.lt/products/683808b4-a189-4540-8936-fbe3607694b6_s.png" alt="Moliūgai, 1 kg" /></a>
                <a href="/produktai/moliugai-1-kg" class="b-product-title b-product-title--desktop b-link--product-info"><span itemprop="name">Moliūgai, 1 kg</span></a>




<div class="b-product-prices-block" itemprop="offers" itemscope itemtype="http://schema.org/Offer">
    

    <div class="b-product-prices-block--loyalty">
    </div>

    <div>
        <div class="b-product-price-current" itemprop="priceCurrency" content="EUR">

            <span class="b-product-price-current-number"
                  itemprop="price"
                  content="0.39">
                €0,39
            </span>

            <link rel="external" itemprop="availability" href="http://schema.org/InStock" />
        </div>

            <del class="b-product-crossed-out-price">€0,99</del>

    </div>

    <div class="b-product-price--extra">


        <div>€0,39/kg</div>
    </div>

</div>
            </div>

            <div class="b-product-info-wrap">
                <div class="b-product clearfix">

                    <div class="b-product-promo-labels">




    <div class="b-product-promo-label-primary" promo-tooltip="Akcija galioja iki 2022-10-31">

<svg
    class="b-icon"
    
    style="" 
>
    <use xlink:href="#label-offer-percent"></use>
</svg>
    </div>

    



</div>


                    <div class="b-product--info-icons">

                        <a href="/produktai/moliugai-1-kg" class="b-product-title b-product-title--mobile b-link--product-info">Moliūgai, 1 kg</a>
                        
                            <div class="b-product-promo-labels--mobile">
        


    </div>

    <div class="b-product-goalgroups clearfix">









        <button class="b-icon-favourite"></button>
    </div>
    <span class="favourites-tooltip-placeholder"></span>

<div class="b-product-goalgroups b-product-goalgroup--vertical clearfix">

</div>

                    </div>

<div class="b-product-price-cart-link clearfix">
    <div class="b-product-cart-link clearfix">
        <div class="b-quantity-select--placeholder clearfix"></div>
    </div>
</div>

                </div>
            </div>


        </div>
        <div class="b-product--wrap2--cross-sell">
            <div class="b-product--wrap2--cross-sell-styles">
                <span>KARTU REKOMENDUOJAME</span>
                <span>
                    <button type="button" class="close" aria-label="Uždaryti">
                        <svg
    class="b-icon"
    
    style="" 
>
    <use xlink:href="#cross"></use>
</svg>
                    </button>
                </span>
            </div>
        </div>
</div>

                        </div><div class="b-block-slider--slide">
                            

<div class="b-product--wrap2" itemscope itemprop="isRelatedTo" itemtype="http://schema.org/Product">
        <div class="b-product--wrap clearfix b-product--js-hook   "
             data-b-root-cat-id="2456a910-eacb-4537-b214-17ed21682888"
             data-b-item-id="000000000000182416"
             data-b-units='{"units": [{"id":0,"price":1.5900,"retail_price":3.4900,"unit":"kg","min":0.5,"max":4.5,"step":0.5,"defaultValue":0.5,"weightableRatio":2.0},{"id":1,"price":0.79500,"retail_price":1.75,"unit":"vnt.","min":1.0,"max":9.0,"step":1.0,"defaultValue":1.0,"weightableRatio":0.5}]}'
             data-b-for-cart='{&quot;id&quot;:&quot;000000000000182416&quot;,&quot;product_position_in_list&quot;:2,&quot;title&quot;:&quot;Granatai, 1 kg&quot;,&quot;category_id&quot;:&quot;39b755d4-023b-4142-971b-55c7e8136462&quot;,&quot;category_name_full_path&quot;:&quot;Daržovės ir vaisiai/Vaisiai ir uogos/Egzotiniai vaisiai &quot;,&quot;root_category_id&quot;:&quot;2456a910-eacb-4537-b214-17ed21682888&quot;,&quot;brand_name&quot;:&quot;&quot;,&quot;price&quot;:1.5900,&quot;image&quot;:&quot;https://cdn.barbora.lt/products/53d3babf-a05b-4f4c-b9c1-08ba454231d5_s.png&quot;,&quot;comparative_unit&quot;:&quot;kg&quot;,&quot;comparative_unit_price&quot;:1.59,&quot;status&quot;:&quot;active&quot;,&quot;popUpText&quot;:null,&quot;age_limitation&quot;:null,&quot;picking_actions&quot;:[],&quot;list&quot;:&quot;Pagrindinis puslapis&quot;,&quot;sectionTitle&quot;:&quot;Rekomenduojamos akcijos&quot;,&quot;quantity&quot;:0.5}'
             style="position: relative">
            <div class="b-product-wrap-img">


                


                <a href="/produktai/granatai-1-kg" class="b-product--imagelink b-link--product-info" aria-hidden="true" tabindex="-1"><img itemprop="image" src="https://cdn.barbora.lt/products/53d3babf-a05b-4f4c-b9c1-08ba454231d5_s.png" alt="Granatai, 1 kg" /></a>
                <a href="/produktai/granatai-1-kg" class="b-product-title b-product-title--desktop b-link--product-info"><span itemprop="name">Granatai, 1 kg</span></a>




<div class="b-product-prices-block" itemprop="offers" itemscope itemtype="http://schema.org/Offer">
    

    <div class="b-product-prices-block--loyalty">
    </div>

    <div>
        <div class="b-product-price-current" itemprop="priceCurrency" content="EUR">

            <span class="b-product-price-current-number"
                  itemprop="price"
                  content="1.59">
                €1,59
            </span>

            <link rel="external" itemprop="availability" href="http://schema.org/InStock" />
        </div>

            <del class="b-product-crossed-out-price">€3,49</del>

    </div>

    <div class="b-product-price--extra">


        <div>€1,59/kg</div>
    </div>

</div>
            </div>

            <div class="b-product-info-wrap">
                <div class="b-product clearfix">

                    <div class="b-product-promo-labels">




    <div class="b-product-promo-label-primary" promo-tooltip="Akcija galioja iki 2022-10-31">

<svg
    class="b-icon"
    
    style="" 
>
    <use xlink:href="#label-offer-percent"></use>
</svg>
    </div>

    



</div>


                    <div class="b-product--info-icons">

                        <a href="/produktai/granatai-1-kg" class="b-product-title b-product-title--mobile b-link--product-info">Granatai, 1 kg</a>
                        
                            <div class="b-product-promo-labels--mobile">
        


    </div>

    <div class="b-product-goalgroups clearfix">









        <button class="b-icon-favourite"></button>
    </div>
    <span class="favourites-tooltip-placeholder"></span>

<div class="b-product-goalgroups b-product-goalgroup--vertical clearfix">

</div>

                    </div>

<div class="b-product-price-cart-link clearfix">
    <div class="b-product-cart-link clearfix">
        <div class="b-quantity-select--placeholder clearfix"></div>
    </div>
</div>

                </div>
            </div>


        </div>
        <div class="b-product--wrap2--cross-sell">
            <div class="b-product--wrap2--cross-sell-styles">
                <span>KARTU REKOMENDUOJAME</span>
                <span>
                    <button type="button" class="close" aria-label="Uždaryti">
                        <svg
    class="b-icon"
    
    style="" 
>
    <use xlink:href="#cross"></use>
</svg>
                    </button>
                </span>
            </div>
        </div>
</div>

                        </div><div class="b-block-slider--slide">
                            

<div class="b-product--wrap2" itemscope itemprop="isRelatedTo" itemtype="http://schema.org/Product">
        <div class="b-product--wrap clearfix b-product--js-hook   "
             data-b-root-cat-id="acb55842-a24c-44d1-b948-082e2cdb596b"
             data-b-item-id="000000000001026643"
             data-b-units='{"units": [{"id":0,"price":2.7900,"retail_price":5.6500,"unit":"vnt.","min":1.0,"max":4.0,"step":1.0,"defaultValue":1.0}]}'
             data-b-for-cart='{&quot;id&quot;:&quot;000000000001026643&quot;,&quot;product_position_in_list&quot;:3,&quot;title&quot;:&quot;Ekologiškas agavų sirupas AMRITA, 250 ml&quot;,&quot;category_id&quot;:&quot;4d6bcfb9-81cd-4a5e-8d5f-5f9b184c7bea&quot;,&quot;category_name_full_path&quot;:&quot;Bakalėja/Priedai maistui ruošti/Sirupai&quot;,&quot;root_category_id&quot;:&quot;acb55842-a24c-44d1-b948-082e2cdb596b&quot;,&quot;brand_name&quot;:&quot;Amrita&quot;,&quot;price&quot;:2.7900,&quot;image&quot;:&quot;https://cdn.barbora.lt/products/fcd41f1b-b3b1-4cf2-badb-34731687d89d_s.png&quot;,&quot;comparative_unit&quot;:&quot;l&quot;,&quot;comparative_unit_price&quot;:11.16,&quot;status&quot;:&quot;active&quot;,&quot;popUpText&quot;:null,&quot;age_limitation&quot;:null,&quot;picking_actions&quot;:[],&quot;list&quot;:&quot;Pagrindinis puslapis&quot;,&quot;sectionTitle&quot;:&quot;Rekomenduojamos akcijos&quot;,&quot;quantity&quot;:1.0}'
             style="position: relative">
            <div class="b-product-wrap-img">


                


                <a href="/produktai/ekologiskas-agavu-sirupas-amrita-250-ml" class="b-product--imagelink b-link--product-info" aria-hidden="true" tabindex="-1"><img itemprop="image" src="https://cdn.barbora.lt/products/fcd41f1b-b3b1-4cf2-badb-34731687d89d_s.png" alt="Ekologiškas agavų sirupas AMRITA, 250 ml" /></a>
                <a href="/produktai/ekologiskas-agavu-sirupas-amrita-250-ml" class="b-product-title b-product-title--desktop b-link--product-info"><span itemprop="name">Ekologiškas agavų sirupas AMRITA, 250 ml</span></a>




<div class="b-product-prices-block" itemprop="offers" itemscope itemtype="http://schema.org/Offer">
    

    <div class="b-product-prices-block--loyalty">
    </div>

    <div>
        <div class="b-product-price-current" itemprop="priceCurrency" content="EUR">

            <span class="b-product-price-current-number"
                  itemprop="price"
                  content="2.79">
                €2,79
            </span>

            <link rel="external" itemprop="availability" href="http://schema.org/InStock" />
        </div>

            <del class="b-product-crossed-out-price">€5,65</del>

    </div>

    <div class="b-product-price--extra">


        <div>€11,16/l</div>
    </div>

</div>
            </div>

            <div class="b-product-info-wrap">
                <div class="b-product clearfix">

                    <div class="b-product-promo-labels">




    <div class="b-product-promo-label-primary" promo-tooltip="Akcija galioja iki 2022-10-31">

<svg
    class="b-icon"
    
    style="" 
>
    <use xlink:href="#label-offer-percent"></use>
</svg>
    </div>

    



</div>


                    <div class="b-product--info-icons">

                        <a href="/produktai/ekologiskas-agavu-sirupas-amrita-250-ml" class="b-product-title b-product-title--mobile b-link--product-info">Ekologiškas agavų sirupas AMRITA, 250 ml</a>
                        
                            <div class="b-product-promo-labels--mobile">
        


    </div>

    <div class="b-product-goalgroups clearfix">




                <span class="eko-tooltip-placeholder"></span>





        <button class="b-icon-favourite"></button>
    </div>
    <span class="favourites-tooltip-placeholder"></span>

<div class="b-product-goalgroups b-product-goalgroup--vertical clearfix">

</div>

                    </div>

<div class="b-product-price-cart-link clearfix">
    <div class="b-product-cart-link clearfix">
        <div class="b-quantity-select--placeholder clearfix"></div>
    </div>
</div>

                </div>
            </div>


        </div>
        <div class="b-product--wrap2--cross-sell">
            <div class="b-product--wrap2--cross-sell-styles">
                <span>KARTU REKOMENDUOJAME</span>
                <span>
                    <button type="button" class="close" aria-label="Uždaryti">
                        <svg
    class="b-icon"
    
    style="" 
>
    <use xlink:href="#cross"></use>
</svg>
                    </button>
                </span>
            </div>
        </div>
</div>

                        </div><div class="b-block-slider--slide">
                            

<div class="b-product--wrap2" itemscope itemprop="isRelatedTo" itemtype="http://schema.org/Product">
        <div class="b-product--wrap clearfix b-product--js-hook   "
             data-b-root-cat-id="a70ae192-1bd4-435f-a809-b54f530b4415"
             data-b-item-id="000000000000616494"
             data-b-units='{"units": [{"id":0,"price":1.3900,"retail_price":2.8500,"unit":"vnt.","min":1.0,"max":2.0,"step":1.0,"defaultValue":1.0}]}'
             data-b-for-cart='{&quot;id&quot;:&quot;000000000000616494&quot;,&quot;product_position_in_list&quot;:4,&quot;title&quot;:&quot;WC valomieji kubeliai BREF DUO-CUBES, 100 g&quot;,&quot;category_id&quot;:&quot;15ea3fde-6670-4729-a21e-433e39e19943&quot;,&quot;category_name_full_path&quot;:&quot;Švaros ir gyvūnų prekės/Buitinės chemijos prekės/Kietieji WC valikliai - gaivikliai&quot;,&quot;root_category_id&quot;:&quot;a70ae192-1bd4-435f-a809-b54f530b4415&quot;,&quot;brand_name&quot;:&quot;Bref&quot;,&quot;price&quot;:1.3900,&quot;image&quot;:&quot;https://cdn.barbora.lt/products/2e62efcc-3d0b-47ba-bb60-d57df263bee5_s.png&quot;,&quot;comparative_unit&quot;:&quot;kg&quot;,&quot;comparative_unit_price&quot;:13.90,&quot;status&quot;:&quot;active&quot;,&quot;popUpText&quot;:null,&quot;age_limitation&quot;:null,&quot;picking_actions&quot;:[],&quot;list&quot;:&quot;Pagrindinis puslapis&quot;,&quot;sectionTitle&quot;:&quot;Rekomenduojamos akcijos&quot;,&quot;quantity&quot;:1.0}'
             style="position: relative">
            <div class="b-product-wrap-img">


                


                <a href="/produktai/wc-valomieji-kubeliai-bref-duo-cubes-100-g" class="b-product--imagelink b-link--product-info" aria-hidden="true" tabindex="-1"><img itemprop="image" src="https://cdn.barbora.lt/products/2e62efcc-3d0b-47ba-bb60-d57df263bee5_s.png" alt="WC valomieji kubeliai BREF DUO-CUBES, 100 g" /></a>
                <a href="/produktai/wc-valomieji-kubeliai-bref-duo-cubes-100-g" class="b-product-title b-product-title--desktop b-link--product-info"><span itemprop="name">WC valomieji kubeliai BREF DUO-CUBES, 100 g</span></a>




<div class="b-product-prices-block" itemprop="offers" itemscope itemtype="http://schema.org/Offer">
    

    <div class="b-product-prices-block--loyalty">
    </div>

    <div>
        <div class="b-product-price-current" itemprop="priceCurrency" content="EUR">

            <span class="b-product-price-current-number"
                  itemprop="price"
                  content="1.39">
                €1,39
            </span>

            <link rel="external" itemprop="availability" href="http://schema.org/InStock" />
        </div>

            <del class="b-product-crossed-out-price">€2,85</del>

    </div>

    <div class="b-product-price--extra">


        <div>€13,90/kg</div>
    </div>

</div>
            </div>

            <div class="b-product-info-wrap">
                <div class="b-product clearfix">

                    <div class="b-product-promo-labels">




    <div class="b-product-promo-label-primary" promo-tooltip="Akcija galioja iki 2022-11-09">

<svg
    class="b-icon"
    
    style="" 
>
    <use xlink:href="#label-offer-percent"></use>
</svg>
    </div>

    



</div>


                    <div class="b-product--info-icons">

                        <a href="/produktai/wc-valomieji-kubeliai-bref-duo-cubes-100-g" class="b-product-title b-product-title--mobile b-link--product-info">WC valomieji kubeliai BREF DUO-CUBES, 100 g</a>
                        
                            <div class="b-product-promo-labels--mobile">
        


    </div>

    <div class="b-product-goalgroups clearfix">









        <button class="b-icon-favourite"></button>
    </div>
    <span class="favourites-tooltip-placeholder"></span>

<div class="b-product-goalgroups b-product-goalgroup--vertical clearfix">

</div>

                    </div>

<div class="b-product-price-cart-link clearfix">
    <div class="b-product-cart-link clearfix">
        <div class="b-quantity-select--placeholder clearfix"></div>
    </div>
</div>

                </div>
            </div>


        </div>
        <div class="b-product--wrap2--cross-sell">
            <div class="b-product--wrap2--cross-sell-styles">
                <span>KARTU REKOMENDUOJAME</span>
                <span>
                    <button type="button" class="close" aria-label="Uždaryti">
                        <svg
    class="b-icon"
    
    style="" 
>
    <use xlink:href="#cross"></use>
</svg>
                    </button>
                </span>
            </div>
        </div>
</div>

                        </div><div class="b-block-slider--slide">
                            

<div class="b-product--wrap2" itemscope itemprop="isRelatedTo" itemtype="http://schema.org/Product">
        <div class="b-product--wrap clearfix b-product--js-hook   "
             data-b-root-cat-id="1271e464-f471-4dc6-b286-7ea771a218a8"
             data-b-item-id="000000000001299199"
             data-b-units='{"units": [{"id":0,"price":6.9900,"retail_price":13.9900,"unit":"kg","min":2.2,"max":4.5,"step":2.2,"defaultValue":2.2,"weightableRatio":0.4545454545454545454545454545},{"id":1,"price":15.37800,"retail_price":30.78,"unit":"vnt.","min":1.0,"max":2.0,"step":1.0,"defaultValue":1.0,"weightableRatio":2.2}]}'
             data-b-for-cart='{&quot;id&quot;:&quot;000000000001299199&quot;,&quot;product_position_in_list&quot;:5,&quot;title&quot;:&quot;Lėtai virti marinuoti KREKENAVOS kiaulienos šonkauliai, 1 kg&quot;,&quot;category_id&quot;:&quot;1a1cba9b-7a13-4adf-a67c-e36d653f738e&quot;,&quot;category_name_full_path&quot;:&quot;Mėsa, žuvis ir kulinarija/Šviežios mėsos ir paukštienos pusgaminiai/Marinuota mėsa&quot;,&quot;root_category_id&quot;:&quot;1271e464-f471-4dc6-b286-7ea771a218a8&quot;,&quot;brand_name&quot;:&quot;KREKENAVOS&quot;,&quot;price&quot;:6.9900,&quot;image&quot;:&quot;https://cdn.barbora.lt/products/326cd3ad-acb6-48a7-aab4-528227d1d7fa_s.png&quot;,&quot;comparative_unit&quot;:&quot;kg&quot;,&quot;comparative_unit_price&quot;:6.99,&quot;status&quot;:&quot;active&quot;,&quot;popUpText&quot;:null,&quot;age_limitation&quot;:null,&quot;picking_actions&quot;:[],&quot;list&quot;:&quot;Pagrindinis puslapis&quot;,&quot;sectionTitle&quot;:&quot;Rekomenduojamos akcijos&quot;,&quot;quantity&quot;:2.2}'
             style="position: relative">
            <div class="b-product-wrap-img">


                


                <a href="/produktai/letai-virti-marinuoti-krekenavos-kiaulienos-sonkauliai-1-kg" class="b-product--imagelink b-link--product-info" aria-hidden="true" tabindex="-1"><img itemprop="image" src="https://cdn.barbora.lt/products/326cd3ad-acb6-48a7-aab4-528227d1d7fa_s.png" alt="Lėtai virti marinuoti KREKENAVOS kiaulienos šonkauliai, 1 kg" /></a>
                <a href="/produktai/letai-virti-marinuoti-krekenavos-kiaulienos-sonkauliai-1-kg" class="b-product-title b-product-title--desktop b-link--product-info"><span itemprop="name">Lėtai virti marinuoti KREKENAVOS kiaulienos šonkauliai, 1 kg</span></a>




<div class="b-product-prices-block" itemprop="offers" itemscope itemtype="http://schema.org/Offer">
    

    <div class="b-product-prices-block--loyalty">
    </div>

    <div>
        <div class="b-product-price-current" itemprop="priceCurrency" content="EUR">

            <span class="b-product-price-current-number"
                  itemprop="price"
                  content="6.99">
                €6,99
            </span>

            <link rel="external" itemprop="availability" href="http://schema.org/InStock" />
        </div>

            <del class="b-product-crossed-out-price">€13,99</del>

    </div>

    <div class="b-product-price--extra">


        <div>€6,99/kg</div>
    </div>

</div>
            </div>

            <div class="b-product-info-wrap">
                <div class="b-product clearfix">

                    <div class="b-product-promo-labels">




    <div class="b-product-promo-label-primary" promo-tooltip="Akcija galioja iki 2022-10-31">

<svg
    class="b-icon"
    
    style="" 
>
    <use xlink:href="#label-offer-percent"></use>
</svg>
    </div>

    



</div>


                    <div class="b-product--info-icons">

                        <a href="/produktai/letai-virti-marinuoti-krekenavos-kiaulienos-sonkauliai-1-kg" class="b-product-title b-product-title--mobile b-link--product-info">Lėtai virti marinuoti KREKENAVOS kiaulienos šonkauliai, 1 kg</a>
                        
                            <div class="b-product-promo-labels--mobile">
        


    </div>

    <div class="b-product-goalgroups clearfix">









        <button class="b-icon-favourite"></button>
    </div>
    <span class="favourites-tooltip-placeholder"></span>

<div class="b-product-goalgroups b-product-goalgroup--vertical clearfix">

</div>

                    </div>

<div class="b-product-price-cart-link clearfix">
    <div class="b-product-cart-link clearfix">
        <div class="b-quantity-select--placeholder clearfix"></div>
    </div>
</div>

                </div>
            </div>


        </div>
        <div class="b-product--wrap2--cross-sell">
            <div class="b-product--wrap2--cross-sell-styles">
                <span>KARTU REKOMENDUOJAME</span>
                <span>
                    <button type="button" class="close" aria-label="Uždaryti">
                        <svg
    class="b-icon"
    
    style="" 
>
    <use xlink:href="#cross"></use>
</svg>
                    </button>
                </span>
            </div>
        </div>
</div>

                        </div><div class="b-block-slider--slide">
                            

<div class="b-product--wrap2" itemscope itemprop="isRelatedTo" itemtype="http://schema.org/Product">
        <div class="b-product--wrap clearfix b-product--js-hook   "
             data-b-root-cat-id="1271e464-f471-4dc6-b286-7ea771a218a8"
             data-b-item-id="000000000001070478"
             data-b-units='{"units": [{"id":0,"price":2.1400,"retail_price":4.2900,"unit":"vnt.","min":1.0,"max":4.0,"step":1.0,"defaultValue":1.0}]}'
             data-b-for-cart='{&quot;id&quot;:&quot;000000000001070478&quot;,&quot;product_position_in_list&quot;:6,&quot;title&quot;:&quot;Šaltai rūkyta GASPADORIAUS skilandinė dešra, a.r., 350 g&quot;,&quot;category_id&quot;:&quot;dde7cb47-db3c-4472-8bb7-ed6c2741a67d&quot;,&quot;category_name_full_path&quot;:&quot;Mėsa, žuvis ir kulinarija/Mėsos ir paukštienos gaminiai/Šaltai rūkytos dešros&quot;,&quot;root_category_id&quot;:&quot;1271e464-f471-4dc6-b286-7ea771a218a8&quot;,&quot;brand_name&quot;:&quot;GASPADORIAUS MĖSINĖ&quot;,&quot;price&quot;:2.1400,&quot;image&quot;:&quot;https://cdn.barbora.lt/products/f217f957-9063-4c10-9015-9738061d88fc_s.png&quot;,&quot;comparative_unit&quot;:&quot;kg&quot;,&quot;comparative_unit_price&quot;:6.11,&quot;status&quot;:&quot;active&quot;,&quot;popUpText&quot;:null,&quot;age_limitation&quot;:null,&quot;picking_actions&quot;:[],&quot;list&quot;:&quot;Pagrindinis puslapis&quot;,&quot;sectionTitle&quot;:&quot;Rekomenduojamos akcijos&quot;,&quot;quantity&quot;:1.0}'
             style="position: relative">
            <div class="b-product-wrap-img">


                


                <a href="/produktai/saltai-rukyta-gaspadoriaus-skilandine-desra-a-r-350-g" class="b-product--imagelink b-link--product-info" aria-hidden="true" tabindex="-1"><img itemprop="image" src="https://cdn.barbora.lt/products/f217f957-9063-4c10-9015-9738061d88fc_s.png" alt="Šaltai rūkyta GASPADORIAUS skilandinė dešra, a.r., 350 g" /></a>
                <a href="/produktai/saltai-rukyta-gaspadoriaus-skilandine-desra-a-r-350-g" class="b-product-title b-product-title--desktop b-link--product-info"><span itemprop="name">Šaltai rūkyta GASPADORIAUS skilandinė dešra, a.r., 350 g</span></a>




<div class="b-product-prices-block" itemprop="offers" itemscope itemtype="http://schema.org/Offer">
    

    <div class="b-product-prices-block--loyalty">
    </div>

    <div>
        <div class="b-product-price-current" itemprop="priceCurrency" content="EUR">

            <span class="b-product-price-current-number"
                  itemprop="price"
                  content="2.14">
                €2,14
            </span>

            <link rel="external" itemprop="availability" href="http://schema.org/InStock" />
        </div>

            <del class="b-product-crossed-out-price">€4,29</del>

    </div>

    <div class="b-product-price--extra">


        <div>€6,11/kg</div>
    </div>

</div>
            </div>

            <div class="b-product-info-wrap">
                <div class="b-product clearfix">

                    <div class="b-product-promo-labels">




    <div class="b-product-promo-label-primary" promo-tooltip="Akcija galioja iki 2022-10-31">

<svg
    class="b-icon"
    
    style="" 
>
    <use xlink:href="#label-offer-percent"></use>
</svg>
    </div>

    



</div>


                    <div class="b-product--info-icons">

                        <a href="/produktai/saltai-rukyta-gaspadoriaus-skilandine-desra-a-r-350-g" class="b-product-title b-product-title--mobile b-link--product-info">Šaltai rūkyta GASPADORIAUS skilandinė dešra, a.r., 350 g</a>
                        
                            <div class="b-product-promo-labels--mobile">
        


    </div>

    <div class="b-product-goalgroups clearfix">









        <button class="b-icon-favourite"></button>
    </div>
    <span class="favourites-tooltip-placeholder"></span>

<div class="b-product-goalgroups b-product-goalgroup--vertical clearfix">

</div>

                    </div>

<div class="b-product-price-cart-link clearfix">
    <div class="b-product-cart-link clearfix">
        <div class="b-quantity-select--placeholder clearfix"></div>
    </div>
</div>

                </div>
            </div>


        </div>
        <div class="b-product--wrap2--cross-sell">
            <div class="b-product--wrap2--cross-sell-styles">
                <span>KARTU REKOMENDUOJAME</span>
                <span>
                    <button type="button" class="close" aria-label="Uždaryti">
                        <svg
    class="b-icon"
    
    style="" 
>
    <use xlink:href="#cross"></use>
</svg>
                    </button>
                </span>
            </div>
        </div>
</div>

                        </div><div class="b-block-slider--slide">
                            

<div class="b-product--wrap2" itemscope itemprop="isRelatedTo" itemtype="http://schema.org/Product">
        <div class="b-product--wrap clearfix b-product--js-hook   "
             data-b-root-cat-id="acb55842-a24c-44d1-b948-082e2cdb596b"
             data-b-item-id="000000000000163680"
             data-b-units='{"units": [{"id":0,"price":1.6500,"retail_price":3.2900,"unit":"vnt.","min":1.0,"max":10.0,"step":1.0,"defaultValue":1.0}]}'
             data-b-for-cart='{&quot;id&quot;:&quot;000000000000163680&quot;,&quot;product_position_in_list&quot;:7,&quot;title&quot;:&quot;Įvairūs pipirai KOTANYI malūnėlyje, 35 g&quot;,&quot;category_id&quot;:&quot;1c0dcece-9749-4f43-9a27-2d4145022c58&quot;,&quot;category_name_full_path&quot;:&quot;Bakalėja/Prieskoniai/Pipirai&quot;,&quot;root_category_id&quot;:&quot;acb55842-a24c-44d1-b948-082e2cdb596b&quot;,&quot;brand_name&quot;:&quot;Kot&#225;nyi&quot;,&quot;price&quot;:1.6500,&quot;image&quot;:&quot;https://cdn.barbora.lt/products/bfda1271-6045-41ba-88e5-a264ea77f161_s.png&quot;,&quot;comparative_unit&quot;:&quot;kg&quot;,&quot;comparative_unit_price&quot;:47.14,&quot;status&quot;:&quot;active&quot;,&quot;popUpText&quot;:null,&quot;age_limitation&quot;:null,&quot;picking_actions&quot;:[],&quot;list&quot;:&quot;Pagrindinis puslapis&quot;,&quot;sectionTitle&quot;:&quot;Rekomenduojamos akcijos&quot;,&quot;quantity&quot;:1.0}'
             style="position: relative">
            <div class="b-product-wrap-img">


                


                <a href="/produktai/ivairus-pipirai-kotanyi-malunelyje-35-g" class="b-product--imagelink b-link--product-info" aria-hidden="true" tabindex="-1"><img itemprop="image" src="https://cdn.barbora.lt/products/bfda1271-6045-41ba-88e5-a264ea77f161_s.png" alt="Įvairūs pipirai KOTANYI malūnėlyje, 35 g" /></a>
                <a href="/produktai/ivairus-pipirai-kotanyi-malunelyje-35-g" class="b-product-title b-product-title--desktop b-link--product-info"><span itemprop="name">Įvairūs pipirai KOTANYI malūnėlyje, 35 g</span></a>




<div class="b-product-prices-block" itemprop="offers" itemscope itemtype="http://schema.org/Offer">
    

    <div class="b-product-prices-block--loyalty">
    </div>

    <div>
        <div class="b-product-price-current" itemprop="priceCurrency" content="EUR">

            <span class="b-product-price-current-number"
                  itemprop="price"
                  content="1.65">
                €1,65
            </span>

            <link rel="external" itemprop="availability" href="http://schema.org/InStock" />
        </div>

            <del class="b-product-crossed-out-price">€3,29</del>

    </div>

    <div class="b-product-price--extra">


        <div>€47,14/kg</div>
    </div>

</div>
            </div>

            <div class="b-product-info-wrap">
                <div class="b-product clearfix">

                    <div class="b-product-promo-labels">




    <div class="b-product-promo-label-primary" promo-tooltip="Akcija galioja iki 2022-10-31">

<svg
    class="b-icon"
    
    style="" 
>
    <use xlink:href="#label-offer"></use>
</svg>                    <span class="b-product-promo-label-primary--percent">-50%</span>

    </div>

    



</div>


                    <div class="b-product--info-icons">

                        <a href="/produktai/ivairus-pipirai-kotanyi-malunelyje-35-g" class="b-product-title b-product-title--mobile b-link--product-info">Įvairūs pipirai KOTANYI malūnėlyje, 35 g</a>
                        
                            <div class="b-product-promo-labels--mobile">
        


    </div>

    <div class="b-product-goalgroups clearfix">









        <button class="b-icon-favourite"></button>
    </div>
    <span class="favourites-tooltip-placeholder"></span>

<div class="b-product-goalgroups b-product-goalgroup--vertical clearfix">

</div>

                    </div>

<div class="b-product-price-cart-link clearfix">
    <div class="b-product-cart-link clearfix">
        <div class="b-quantity-select--placeholder clearfix"></div>
    </div>
</div>

                </div>
            </div>


        </div>
        <div class="b-product--wrap2--cross-sell">
            <div class="b-product--wrap2--cross-sell-styles">
                <span>KARTU REKOMENDUOJAME</span>
                <span>
                    <button type="button" class="close" aria-label="Uždaryti">
                        <svg
    class="b-icon"
    
    style="" 
>
    <use xlink:href="#cross"></use>
</svg>
                    </button>
                </span>
            </div>
        </div>
</div>

                        </div><div class="b-block-slider--slide">
                            

<div class="b-product--wrap2" itemscope itemprop="isRelatedTo" itemtype="http://schema.org/Product">
        <div class="b-product--wrap clearfix b-product--js-hook   "
             data-b-root-cat-id="acb55842-a24c-44d1-b948-082e2cdb596b"
             data-b-item-id="000000000000163681"
             data-b-units='{"units": [{"id":0,"price":1.6500,"retail_price":3.2900,"unit":"vnt.","min":1.0,"max":10.0,"step":1.0,"defaultValue":1.0}]}'
             data-b-for-cart='{&quot;id&quot;:&quot;000000000000163681&quot;,&quot;product_position_in_list&quot;:8,&quot;title&quot;:&quot;Juodieji pipirai KOTANYI malūnėlyje, 36 g&quot;,&quot;category_id&quot;:&quot;1c0dcece-9749-4f43-9a27-2d4145022c58&quot;,&quot;category_name_full_path&quot;:&quot;Bakalėja/Prieskoniai/Pipirai&quot;,&quot;root_category_id&quot;:&quot;acb55842-a24c-44d1-b948-082e2cdb596b&quot;,&quot;brand_name&quot;:&quot;Kot&#225;nyi&quot;,&quot;price&quot;:1.6500,&quot;image&quot;:&quot;https://cdn.barbora.lt/products/ed44d7f0-1585-4de4-b9ff-52d2046f8f22_s.png&quot;,&quot;comparative_unit&quot;:&quot;kg&quot;,&quot;comparative_unit_price&quot;:45.83,&quot;status&quot;:&quot;active&quot;,&quot;popUpText&quot;:null,&quot;age_limitation&quot;:null,&quot;picking_actions&quot;:[],&quot;list&quot;:&quot;Pagrindinis puslapis&quot;,&quot;sectionTitle&quot;:&quot;Rekomenduojamos akcijos&quot;,&quot;quantity&quot;:1.0}'
             style="position: relative">
            <div class="b-product-wrap-img">


                


                <a href="/produktai/juodieji-pipirai-kotanyi-malunelyje-36-g" class="b-product--imagelink b-link--product-info" aria-hidden="true" tabindex="-1"><img itemprop="image" src="https://cdn.barbora.lt/products/ed44d7f0-1585-4de4-b9ff-52d2046f8f22_s.png" alt="Juodieji pipirai KOTANYI malūnėlyje, 36 g" /></a>
                <a href="/produktai/juodieji-pipirai-kotanyi-malunelyje-36-g" class="b-product-title b-product-title--desktop b-link--product-info"><span itemprop="name">Juodieji pipirai KOTANYI malūnėlyje, 36 g</span></a>




<div class="b-product-prices-block" itemprop="offers" itemscope itemtype="http://schema.org/Offer">
    

    <div class="b-product-prices-block--loyalty">
    </div>

    <div>
        <div class="b-product-price-current" itemprop="priceCurrency" content="EUR">

            <span class="b-product-price-current-number"
                  itemprop="price"
                  content="1.65">
                €1,65
            </span>

            <link rel="external" itemprop="availability" href="http://schema.org/InStock" />
        </div>

            <del class="b-product-crossed-out-price">€3,29</del>

    </div>

    <div class="b-product-price--extra">


        <div>€45,83/kg</div>
    </div>

</div>
            </div>

            <div class="b-product-info-wrap">
                <div class="b-product clearfix">

                    <div class="b-product-promo-labels">




    <div class="b-product-promo-label-primary" promo-tooltip="Akcija galioja iki 2022-10-31">

<svg
    class="b-icon"
    
    style="" 
>
    <use xlink:href="#label-offer"></use>
</svg>                    <span class="b-product-promo-label-primary--percent">-50%</span>

    </div>

    



</div>


                    <div class="b-product--info-icons">

                        <a href="/produktai/juodieji-pipirai-kotanyi-malunelyje-36-g" class="b-product-title b-product-title--mobile b-link--product-info">Juodieji pipirai KOTANYI malūnėlyje, 36 g</a>
                        
                            <div class="b-product-promo-labels--mobile">
        


    </div>

    <div class="b-product-goalgroups clearfix">









        <button class="b-icon-favourite"></button>
    </div>
    <span class="favourites-tooltip-placeholder"></span>

<div class="b-product-goalgroups b-product-goalgroup--vertical clearfix">

</div>

                    </div>

<div class="b-product-price-cart-link clearfix">
    <div class="b-product-cart-link clearfix">
        <div class="b-quantity-select--placeholder clearfix"></div>
    </div>
</div>

                </div>
            </div>


        </div>
        <div class="b-product--wrap2--cross-sell">
            <div class="b-product--wrap2--cross-sell-styles">
                <span>KARTU REKOMENDUOJAME</span>
                <span>
                    <button type="button" class="close" aria-label="Uždaryti">
                        <svg
    class="b-icon"
    
    style="" 
>
    <use xlink:href="#cross"></use>
</svg>
                    </button>
                </span>
            </div>
        </div>
</div>

                        </div><div class="b-block-slider--slide">
                            

<div class="b-product--wrap2" itemscope itemprop="isRelatedTo" itemtype="http://schema.org/Product">
        <div class="b-product--wrap clearfix b-product--js-hook   "
             data-b-root-cat-id="acb55842-a24c-44d1-b948-082e2cdb596b"
             data-b-item-id="000000000000907954"
             data-b-units='{"units": [{"id":0,"price":1.6500,"retail_price":3.2900,"unit":"vnt.","min":1.0,"max":10.0,"step":1.0,"defaultValue":1.0}]}'
             data-b-for-cart='{&quot;id&quot;:&quot;000000000000907954&quot;,&quot;product_position_in_list&quot;:9,&quot;title&quot;:&quot;Aitriosios paprikos KOTANYI malūnėlyje, 34 g&quot;,&quot;category_id&quot;:&quot;3bd3e2e2-2e49-49c1-9a39-6b140b7bcc6d&quot;,&quot;category_name_full_path&quot;:&quot;Bakalėja/Prieskoniai/Grynieji prieskoniai&quot;,&quot;root_category_id&quot;:&quot;acb55842-a24c-44d1-b948-082e2cdb596b&quot;,&quot;brand_name&quot;:&quot;Kotanyi&quot;,&quot;price&quot;:1.6500,&quot;image&quot;:&quot;https://cdn.barbora.lt/products/a912e1f6-e1ec-429b-bf39-7ba260f0ffc6_s.png&quot;,&quot;comparative_unit&quot;:&quot;kg&quot;,&quot;comparative_unit_price&quot;:48.53,&quot;status&quot;:&quot;active&quot;,&quot;popUpText&quot;:null,&quot;age_limitation&quot;:null,&quot;picking_actions&quot;:[],&quot;list&quot;:&quot;Pagrindinis puslapis&quot;,&quot;sectionTitle&quot;:&quot;Rekomenduojamos akcijos&quot;,&quot;quantity&quot;:1.0}'
             style="position: relative">
            <div class="b-product-wrap-img">


                


                <a href="/produktai/aitriosios-paprikos-kotanyi-malunelyje-34-g" class="b-product--imagelink b-link--product-info" aria-hidden="true" tabindex="-1"><img itemprop="image" src="https://cdn.barbora.lt/products/a912e1f6-e1ec-429b-bf39-7ba260f0ffc6_s.png" alt="Aitriosios paprikos KOTANYI malūnėlyje, 34 g" /></a>
                <a href="/produktai/aitriosios-paprikos-kotanyi-malunelyje-34-g" class="b-product-title b-product-title--desktop b-link--product-info"><span itemprop="name">Aitriosios paprikos KOTANYI malūnėlyje, 34 g</span></a>




<div class="b-product-prices-block" itemprop="offers" itemscope itemtype="http://schema.org/Offer">
    

    <div class="b-product-prices-block--loyalty">
    </div>

    <div>
        <div class="b-product-price-current" itemprop="priceCurrency" content="EUR">

            <span class="b-product-price-current-number"
                  itemprop="price"
                  content="1.65">
                €1,65
            </span>

            <link rel="external" itemprop="availability" href="http://schema.org/InStock" />
        </div>

            <del class="b-product-crossed-out-price">€3,29</del>

    </div>

    <div class="b-product-price--extra">


        <div>€48,53/kg</div>
    </div>

</div>
            </div>

            <div class="b-product-info-wrap">
                <div class="b-product clearfix">

                    <div class="b-product-promo-labels">




    <div class="b-product-promo-label-primary" promo-tooltip="Akcija galioja iki 2022-10-31">

<svg
    class="b-icon"
    
    style="" 
>
    <use xlink:href="#label-offer"></use>
</svg>                    <span class="b-product-promo-label-primary--percent">-50%</span>

    </div>

    



</div>


                    <div class="b-product--info-icons">

                        <a href="/produktai/aitriosios-paprikos-kotanyi-malunelyje-34-g" class="b-product-title b-product-title--mobile b-link--product-info">Aitriosios paprikos KOTANYI malūnėlyje, 34 g</a>
                        
                            <div class="b-product-promo-labels--mobile">
        


    </div>

    <div class="b-product-goalgroups clearfix">









        <button class="b-icon-favourite"></button>
    </div>
    <span class="favourites-tooltip-placeholder"></span>

<div class="b-product-goalgroups b-product-goalgroup--vertical clearfix">

</div>

                    </div>

<div class="b-product-price-cart-link clearfix">
    <div class="b-product-cart-link clearfix">
        <div class="b-quantity-select--placeholder clearfix"></div>
    </div>
</div>

                </div>
            </div>


        </div>
        <div class="b-product--wrap2--cross-sell">
            <div class="b-product--wrap2--cross-sell-styles">
                <span>KARTU REKOMENDUOJAME</span>
                <span>
                    <button type="button" class="close" aria-label="Uždaryti">
                        <svg
    class="b-icon"
    
    style="" 
>
    <use xlink:href="#cross"></use>
</svg>
                    </button>
                </span>
            </div>
        </div>
</div>

                        </div><div class="b-block-slider--slide">
                            

<div class="b-product--wrap2" itemscope itemprop="isRelatedTo" itemtype="http://schema.org/Product">
        <div class="b-product--wrap clearfix b-product--js-hook   "
             data-b-root-cat-id="2456a910-eacb-4537-b214-17ed21682888"
             data-b-item-id="000000000000182318"
             data-b-units='{"units": [{"id":0,"price":1.4900,"retail_price":2.9900,"unit":"kg","min":2.5,"max":5.0,"step":2.5,"defaultValue":2.5,"weightableRatio":0.4},{"id":1,"price":3.72500,"retail_price":7.48,"unit":"vnt.","min":1.0,"max":2.0,"step":1.0,"defaultValue":1.0,"weightableRatio":2.5}]}'
             data-b-for-cart='{&quot;id&quot;:&quot;000000000000182318&quot;,&quot;product_position_in_list&quot;:10,&quot;title&quot;:&quot;Didieji greipfrutai POMELO, 1 kg&quot;,&quot;category_id&quot;:&quot;690e3c1b-b177-497d-add3-48b8f7f2c145&quot;,&quot;category_name_full_path&quot;:&quot;Daržovės ir vaisiai/Vaisiai ir uogos/Citrusiniai vaisiai&quot;,&quot;root_category_id&quot;:&quot;2456a910-eacb-4537-b214-17ed21682888&quot;,&quot;brand_name&quot;:&quot;&quot;,&quot;price&quot;:1.4900,&quot;image&quot;:&quot;https://cdn.barbora.lt/products/559431d8-0fe8-4ad7-be5c-85559f42bfe4_s.png&quot;,&quot;comparative_unit&quot;:&quot;kg&quot;,&quot;comparative_unit_price&quot;:1.49,&quot;status&quot;:&quot;active&quot;,&quot;popUpText&quot;:null,&quot;age_limitation&quot;:null,&quot;picking_actions&quot;:[],&quot;list&quot;:&quot;Pagrindinis puslapis&quot;,&quot;sectionTitle&quot;:&quot;Rekomenduojamos akcijos&quot;,&quot;quantity&quot;:2.5}'
             style="position: relative">
            <div class="b-product-wrap-img">


                


                <a href="/produktai/didieji-greipfrutai-pomelo-1-kg" class="b-product--imagelink b-link--product-info" aria-hidden="true" tabindex="-1"><img itemprop="image" src="https://cdn.barbora.lt/products/559431d8-0fe8-4ad7-be5c-85559f42bfe4_s.png" alt="Didieji greipfrutai POMELO, 1 kg" /></a>
                <a href="/produktai/didieji-greipfrutai-pomelo-1-kg" class="b-product-title b-product-title--desktop b-link--product-info"><span itemprop="name">Didieji greipfrutai POMELO, 1 kg</span></a>




<div class="b-product-prices-block" itemprop="offers" itemscope itemtype="http://schema.org/Offer">
    

    <div class="b-product-prices-block--loyalty">
    </div>

    <div>
        <div class="b-product-price-current" itemprop="priceCurrency" content="EUR">

            <span class="b-product-price-current-number"
                  itemprop="price"
                  content="1.49">
                €1,49
            </span>

            <link rel="external" itemprop="availability" href="http://schema.org/InStock" />
        </div>

            <del class="b-product-crossed-out-price">€2,99</del>

    </div>

    <div class="b-product-price--extra">


        <div>€1,49/kg</div>
    </div>

</div>
            </div>

            <div class="b-product-info-wrap">
                <div class="b-product clearfix">

                    <div class="b-product-promo-labels">




    <div class="b-product-promo-label-primary" promo-tooltip="Akcija galioja iki 2022-10-30">

<svg
    class="b-icon"
    
    style="" 
>
    <use xlink:href="#label-offer-percent"></use>
</svg>
    </div>

    
		<div class="b-product-promo-label-secondary b-product-promo-label-secondary--new-placeholder"></div>



</div>


                    <div class="b-product--info-icons">

                        <a href="/produktai/didieji-greipfrutai-pomelo-1-kg" class="b-product-title b-product-title--mobile b-link--product-info">Didieji greipfrutai POMELO, 1 kg</a>
                        
                            <div class="b-product-promo-labels--mobile">
        
		<div class="b-product-promo-label-secondary b-product-promo-label-secondary--new-placeholder"></div>


    </div>

    <div class="b-product-goalgroups clearfix">









        <button class="b-icon-favourite"></button>
    </div>
    <span class="favourites-tooltip-placeholder"></span>

<div class="b-product-goalgroups b-product-goalgroup--vertical clearfix">

</div>

                    </div>

<div class="b-product-price-cart-link clearfix">
    <div class="b-product-cart-link clearfix">
        <div class="b-quantity-select--placeholder clearfix"></div>
    </div>
</div>

                </div>
            </div>


        </div>
        <div class="b-product--wrap2--cross-sell">
            <div class="b-product--wrap2--cross-sell-styles">
                <span>KARTU REKOMENDUOJAME</span>
                <span>
                    <button type="button" class="close" aria-label="Uždaryti">
                        <svg
    class="b-icon"
    
    style="" 
>
    <use xlink:href="#cross"></use>
</svg>
                    </button>
                </span>
            </div>
        </div>
</div>

                        </div><div class="b-block-slider--slide">
                            

<div class="b-product--wrap2" itemscope itemprop="isRelatedTo" itemtype="http://schema.org/Product">
        <div class="b-product--wrap clearfix b-product--js-hook   "
             data-b-root-cat-id="acb55842-a24c-44d1-b948-082e2cdb596b"
             data-b-item-id="000000000000737225"
             data-b-units='{"units": [{"id":0,"price":1.2500,"retail_price":2.4900,"unit":"vnt.","min":1.0,"max":10.0,"step":1.0,"defaultValue":1.0}]}'
             data-b-for-cart='{&quot;id&quot;:&quot;000000000000737225&quot;,&quot;product_position_in_list&quot;:11,&quot;title&quot;:&quot;Šafranas KOTANYI, 12 g&quot;,&quot;category_id&quot;:&quot;3bd3e2e2-2e49-49c1-9a39-6b140b7bcc6d&quot;,&quot;category_name_full_path&quot;:&quot;Bakalėja/Prieskoniai/Grynieji prieskoniai&quot;,&quot;root_category_id&quot;:&quot;acb55842-a24c-44d1-b948-082e2cdb596b&quot;,&quot;brand_name&quot;:&quot;Kot&#225;nyi&quot;,&quot;price&quot;:1.2500,&quot;image&quot;:&quot;https://cdn.barbora.lt/products/9ce36786-f188-43d7-9b73-eb7f417347b3_s.png&quot;,&quot;comparative_unit&quot;:&quot;kg&quot;,&quot;comparative_unit_price&quot;:104.17,&quot;status&quot;:&quot;active&quot;,&quot;popUpText&quot;:null,&quot;age_limitation&quot;:null,&quot;picking_actions&quot;:[],&quot;list&quot;:&quot;Pagrindinis puslapis&quot;,&quot;sectionTitle&quot;:&quot;Rekomenduojamos akcijos&quot;,&quot;quantity&quot;:1.0}'
             style="position: relative">
            <div class="b-product-wrap-img">


                


                <a href="/produktai/safranas-kotanyi-12-g" class="b-product--imagelink b-link--product-info" aria-hidden="true" tabindex="-1"><img itemprop="image" src="https://cdn.barbora.lt/products/9ce36786-f188-43d7-9b73-eb7f417347b3_s.png" alt="Šafranas KOTANYI, 12 g" /></a>
                <a href="/produktai/safranas-kotanyi-12-g" class="b-product-title b-product-title--desktop b-link--product-info"><span itemprop="name">Šafranas KOTANYI, 12 g</span></a>




<div class="b-product-prices-block" itemprop="offers" itemscope itemtype="http://schema.org/Offer">
    

    <div class="b-product-prices-block--loyalty">
    </div>

    <div>
        <div class="b-product-price-current" itemprop="priceCurrency" content="EUR">

            <span class="b-product-price-current-number"
                  itemprop="price"
                  content="1.25">
                €1,25
            </span>

            <link rel="external" itemprop="availability" href="http://schema.org/InStock" />
        </div>

            <del class="b-product-crossed-out-price">€2,49</del>

    </div>

    <div class="b-product-price--extra">


        <div>€104,17/kg</div>
    </div>

</div>
            </div>

            <div class="b-product-info-wrap">
                <div class="b-product clearfix">

                    <div class="b-product-promo-labels">




    <div class="b-product-promo-label-primary" promo-tooltip="Akcija galioja iki 2022-10-31">

<svg
    class="b-icon"
    
    style="" 
>
    <use xlink:href="#label-offer"></use>
</svg>                    <span class="b-product-promo-label-primary--percent">-50%</span>

    </div>

    



</div>


                    <div class="b-product--info-icons">

                        <a href="/produktai/safranas-kotanyi-12-g" class="b-product-title b-product-title--mobile b-link--product-info">Šafranas KOTANYI, 12 g</a>
                        
                            <div class="b-product-promo-labels--mobile">
        


    </div>

    <div class="b-product-goalgroups clearfix">









        <button class="b-icon-favourite"></button>
    </div>
    <span class="favourites-tooltip-placeholder"></span>

<div class="b-product-goalgroups b-product-goalgroup--vertical clearfix">

</div>

                    </div>

<div class="b-product-price-cart-link clearfix">
    <div class="b-product-cart-link clearfix">
        <div class="b-quantity-select--placeholder clearfix"></div>
    </div>
</div>

                </div>
            </div>


        </div>
        <div class="b-product--wrap2--cross-sell">
            <div class="b-product--wrap2--cross-sell-styles">
                <span>KARTU REKOMENDUOJAME</span>
                <span>
                    <button type="button" class="close" aria-label="Uždaryti">
                        <svg
    class="b-icon"
    
    style="" 
>
    <use xlink:href="#cross"></use>
</svg>
                    </button>
                </span>
            </div>
        </div>
</div>

                        </div><div class="b-block-slider--slide">
                            

<div class="b-product--wrap2" itemscope itemprop="isRelatedTo" itemtype="http://schema.org/Product">
        <div class="b-product--wrap clearfix b-product--js-hook   "
             data-b-root-cat-id="acb55842-a24c-44d1-b948-082e2cdb596b"
             data-b-item-id="000000000000545842"
             data-b-units='{"units": [{"id":0,"price":0.8000,"retail_price":1.5900,"unit":"vnt.","min":1.0,"max":10.0,"step":1.0,"defaultValue":1.0}]}'
             data-b-for-cart='{&quot;id&quot;:&quot;000000000000545842&quot;,&quot;product_position_in_list&quot;:12,&quot;title&quot;:&quot;Cinamono lazdelės KOTANYI, 17 g&quot;,&quot;category_id&quot;:&quot;3bd3e2e2-2e49-49c1-9a39-6b140b7bcc6d&quot;,&quot;category_name_full_path&quot;:&quot;Bakalėja/Prieskoniai/Grynieji prieskoniai&quot;,&quot;root_category_id&quot;:&quot;acb55842-a24c-44d1-b948-082e2cdb596b&quot;,&quot;brand_name&quot;:&quot;Kot&#225;nyi&quot;,&quot;price&quot;:0.8000,&quot;image&quot;:&quot;https://cdn.barbora.lt/products/a7fcc006-04ba-40cc-bd4d-820a88940e10_s.png&quot;,&quot;comparative_unit&quot;:&quot;kg&quot;,&quot;comparative_unit_price&quot;:47.06,&quot;status&quot;:&quot;active&quot;,&quot;popUpText&quot;:null,&quot;age_limitation&quot;:null,&quot;picking_actions&quot;:[],&quot;list&quot;:&quot;Pagrindinis puslapis&quot;,&quot;sectionTitle&quot;:&quot;Rekomenduojamos akcijos&quot;,&quot;quantity&quot;:1.0}'
             style="position: relative">
            <div class="b-product-wrap-img">


                


                <a href="/produktai/cinamono-lazdeles-kotanyi-17-g" class="b-product--imagelink b-link--product-info" aria-hidden="true" tabindex="-1"><img itemprop="image" src="https://cdn.barbora.lt/products/a7fcc006-04ba-40cc-bd4d-820a88940e10_s.png" alt="Cinamono lazdelės KOTANYI, 17 g" /></a>
                <a href="/produktai/cinamono-lazdeles-kotanyi-17-g" class="b-product-title b-product-title--desktop b-link--product-info"><span itemprop="name">Cinamono lazdelės KOTANYI, 17 g</span></a>




<div class="b-product-prices-block" itemprop="offers" itemscope itemtype="http://schema.org/Offer">
    

    <div class="b-product-prices-block--loyalty">
    </div>

    <div>
        <div class="b-product-price-current" itemprop="priceCurrency" content="EUR">

            <span class="b-product-price-current-number"
                  itemprop="price"
                  content="0.8">
                €0,80
            </span>

            <link rel="external" itemprop="availability" href="http://schema.org/InStock" />
        </div>

            <del class="b-product-crossed-out-price">€1,59</del>

    </div>

    <div class="b-product-price--extra">


        <div>€47,06/kg</div>
    </div>

</div>
            </div>

            <div class="b-product-info-wrap">
                <div class="b-product clearfix">

                    <div class="b-product-promo-labels">




    <div class="b-product-promo-label-primary" promo-tooltip="Akcija galioja iki 2022-10-31">

<svg
    class="b-icon"
    
    style="" 
>
    <use xlink:href="#label-offer"></use>
</svg>                    <span class="b-product-promo-label-primary--percent">-50%</span>

    </div>

    



</div>


                    <div class="b-product--info-icons">

                        <a href="/produktai/cinamono-lazdeles-kotanyi-17-g" class="b-product-title b-product-title--mobile b-link--product-info">Cinamono lazdelės KOTANYI, 17 g</a>
                        
                            <div class="b-product-promo-labels--mobile">
        


    </div>

    <div class="b-product-goalgroups clearfix">









        <button class="b-icon-favourite"></button>
    </div>
    <span class="favourites-tooltip-placeholder"></span>

<div class="b-product-goalgroups b-product-goalgroup--vertical clearfix">

</div>

                    </div>

<div class="b-product-price-cart-link clearfix">
    <div class="b-product-cart-link clearfix">
        <div class="b-quantity-select--placeholder clearfix"></div>
    </div>
</div>

                </div>
            </div>


        </div>
        <div class="b-product--wrap2--cross-sell">
            <div class="b-product--wrap2--cross-sell-styles">
                <span>KARTU REKOMENDUOJAME</span>
                <span>
                    <button type="button" class="close" aria-label="Uždaryti">
                        <svg
    class="b-icon"
    
    style="" 
>
    <use xlink:href="#cross"></use>
</svg>
                    </button>
                </span>
            </div>
        </div>
</div>

                        </div>                </div>
            </div>
        </div>
</div>

                                </div>
                            </div>
                        </section>
                        <section class="b-home--products-section b-display--mobile">
                            <div class="b-home--products-list b-product-slider--container b-with-overlay-background">
                                



<div class="b-section--heading">
    <h2 class="b-section--title">Rekomenduojamos akcijos</h2>
        <a href="/akcijos" class="b-section--view-more" onclick="window.reportUserActionToGtm('elementClick', 'clickOnViewAll - homepage', 'Rekomenduojamos akcijos')">
            Peržiūrėti viską
            <svg
    class="b-icon"
    
    style="width: 0.62em; height: 0.62em;" 
>
    <use xlink:href="#chevron-right"></use>
</svg>
        </a>

</div>
<div class="b-products-list--wrapper">


            <div class="b-products-list items clearfix b-products-allow-desktop-view b-products-allow-mobile-view b-products--desktop-grid">
                        
                            

<div class="b-product--wrap2 b-product--desktop-grid" itemscope itemprop="isRelatedTo" itemtype="http://schema.org/Product">
        <div class="b-product--wrap clearfix b-product--js-hook   "
             data-b-root-cat-id="2456a910-eacb-4537-b214-17ed21682888"
             data-b-item-id="000000000000181140"
             data-b-units='{"units": [{"id":0,"price":0.3900,"retail_price":0.9900,"unit":"kg","min":6.0,"max":14.0,"step":6.0,"defaultValue":6.0,"weightableRatio":0.1666666666666666666666666667},{"id":1,"price":2.3400,"retail_price":5.94,"unit":"vnt.","min":1.0,"max":2.0,"step":1.0,"defaultValue":1.0,"weightableRatio":6.0}]}'
             data-b-for-cart='{&quot;id&quot;:&quot;000000000000181140&quot;,&quot;product_position_in_list&quot;:0,&quot;title&quot;:&quot;Moliūgai, 1 kg&quot;,&quot;category_id&quot;:&quot;ede544ad-3ea5-4769-876a-4e3c8f55de1b&quot;,&quot;category_name_full_path&quot;:&quot;Daržovės ir vaisiai/Daržovės/Moliūgai ir cukinijos&quot;,&quot;root_category_id&quot;:&quot;2456a910-eacb-4537-b214-17ed21682888&quot;,&quot;brand_name&quot;:&quot;&quot;,&quot;price&quot;:0.3900,&quot;image&quot;:&quot;https://cdn.barbora.lt/products/683808b4-a189-4540-8936-fbe3607694b6_s.png&quot;,&quot;comparative_unit&quot;:&quot;kg&quot;,&quot;comparative_unit_price&quot;:0.39,&quot;status&quot;:&quot;active&quot;,&quot;popUpText&quot;:null,&quot;age_limitation&quot;:null,&quot;picking_actions&quot;:[],&quot;list&quot;:&quot;Pagrindinis puslapis&quot;,&quot;sectionTitle&quot;:&quot;Rekomenduojamos akcijos&quot;,&quot;quantity&quot;:6.0}'
             style="position: relative">
            <div class="b-product-wrap-img">


                


                <a href="/produktai/moliugai-1-kg" class="b-product--imagelink b-link--product-info" aria-hidden="true" tabindex="-1"><img itemprop="image" src="https://cdn.barbora.lt/products/683808b4-a189-4540-8936-fbe3607694b6_s.png" alt="Moliūgai, 1 kg" /></a>
                <a href="/produktai/moliugai-1-kg" class="b-product-title b-product-title--desktop b-link--product-info"><span itemprop="name">Moliūgai, 1 kg</span></a>




<div class="b-product-prices-block" itemprop="offers" itemscope itemtype="http://schema.org/Offer">
    

    <div class="b-product-prices-block--loyalty">
    </div>

    <div>
        <div class="b-product-price-current" itemprop="priceCurrency" content="EUR">

            <span class="b-product-price-current-number"
                  itemprop="price"
                  content="0.39">
                €0,39
            </span>

            <link rel="external" itemprop="availability" href="http://schema.org/InStock" />
        </div>

            <del class="b-product-crossed-out-price">€0,99</del>

    </div>

    <div class="b-product-price--extra">


        <div>€0,39/kg</div>
    </div>

</div>
            </div>

            <div class="b-product-info-wrap">
                <div class="b-product clearfix">

                    <div class="b-product-promo-labels">




    <div class="b-product-promo-label-primary" promo-tooltip="Akcija galioja iki 2022-10-31">

<svg
    class="b-icon"
    
    style="" 
>
    <use xlink:href="#label-offer-percent"></use>
</svg>
    </div>

    



</div>


                    <div class="b-product--info-icons">

                        <a href="/produktai/moliugai-1-kg" class="b-product-title b-product-title--mobile b-link--product-info">Moliūgai, 1 kg</a>
                        
                            <div class="b-product-promo-labels--mobile">
        


    </div>

    <div class="b-product-goalgroups clearfix">









        <button class="b-icon-favourite"></button>
    </div>
    <span class="favourites-tooltip-placeholder"></span>

<div class="b-product-goalgroups b-product-goalgroup--vertical clearfix">

</div>

                    </div>

<div class="b-product-price-cart-link clearfix">
    <div class="b-product-cart-link clearfix">
        <div class="b-quantity-select--placeholder clearfix"></div>
    </div>
</div>

                </div>
            </div>


        </div>
        <div class="b-product--wrap2--cross-sell">
            <div class="b-product--wrap2--cross-sell-styles">
                <span>KARTU REKOMENDUOJAME</span>
                <span>
                    <button type="button" class="close" aria-label="Uždaryti">
                        <svg
    class="b-icon"
    
    style="" 
>
    <use xlink:href="#cross"></use>
</svg>
                    </button>
                </span>
            </div>
        </div>
</div>

                        
                        
                            

<div class="b-product--wrap2 b-product--desktop-grid" itemscope itemprop="isRelatedTo" itemtype="http://schema.org/Product">
        <div class="b-product--wrap clearfix b-product--js-hook   "
             data-b-root-cat-id="2456a910-eacb-4537-b214-17ed21682888"
             data-b-item-id="000000000000182416"
             data-b-units='{"units": [{"id":0,"price":1.5900,"retail_price":3.4900,"unit":"kg","min":0.5,"max":4.5,"step":0.5,"defaultValue":0.5,"weightableRatio":2.0},{"id":1,"price":0.79500,"retail_price":1.75,"unit":"vnt.","min":1.0,"max":9.0,"step":1.0,"defaultValue":1.0,"weightableRatio":0.5}]}'
             data-b-for-cart='{&quot;id&quot;:&quot;000000000000182416&quot;,&quot;product_position_in_list&quot;:1,&quot;title&quot;:&quot;Granatai, 1 kg&quot;,&quot;category_id&quot;:&quot;39b755d4-023b-4142-971b-55c7e8136462&quot;,&quot;category_name_full_path&quot;:&quot;Daržovės ir vaisiai/Vaisiai ir uogos/Egzotiniai vaisiai &quot;,&quot;root_category_id&quot;:&quot;2456a910-eacb-4537-b214-17ed21682888&quot;,&quot;brand_name&quot;:&quot;&quot;,&quot;price&quot;:1.5900,&quot;image&quot;:&quot;https://cdn.barbora.lt/products/53d3babf-a05b-4f4c-b9c1-08ba454231d5_s.png&quot;,&quot;comparative_unit&quot;:&quot;kg&quot;,&quot;comparative_unit_price&quot;:1.59,&quot;status&quot;:&quot;active&quot;,&quot;popUpText&quot;:null,&quot;age_limitation&quot;:null,&quot;picking_actions&quot;:[],&quot;list&quot;:&quot;Pagrindinis puslapis&quot;,&quot;sectionTitle&quot;:&quot;Rekomenduojamos akcijos&quot;,&quot;quantity&quot;:0.5}'
             style="position: relative">
            <div class="b-product-wrap-img">


                


                <a href="/produktai/granatai-1-kg" class="b-product--imagelink b-link--product-info" aria-hidden="true" tabindex="-1"><img itemprop="image" src="https://cdn.barbora.lt/products/53d3babf-a05b-4f4c-b9c1-08ba454231d5_s.png" alt="Granatai, 1 kg" /></a>
                <a href="/produktai/granatai-1-kg" class="b-product-title b-product-title--desktop b-link--product-info"><span itemprop="name">Granatai, 1 kg</span></a>




<div class="b-product-prices-block" itemprop="offers" itemscope itemtype="http://schema.org/Offer">
    

    <div class="b-product-prices-block--loyalty">
    </div>

    <div>
        <div class="b-product-price-current" itemprop="priceCurrency" content="EUR">

            <span class="b-product-price-current-number"
                  itemprop="price"
                  content="1.59">
                €1,59
            </span>

            <link rel="external" itemprop="availability" href="http://schema.org/InStock" />
        </div>

            <del class="b-product-crossed-out-price">€3,49</del>

    </div>

    <div class="b-product-price--extra">


        <div>€1,59/kg</div>
    </div>

</div>
            </div>

            <div class="b-product-info-wrap">
                <div class="b-product clearfix">

                    <div class="b-product-promo-labels">




    <div class="b-product-promo-label-primary" promo-tooltip="Akcija galioja iki 2022-10-31">

<svg
    class="b-icon"
    
    style="" 
>
    <use xlink:href="#label-offer-percent"></use>
</svg>
    </div>

    



</div>


                    <div class="b-product--info-icons">

                        <a href="/produktai/granatai-1-kg" class="b-product-title b-product-title--mobile b-link--product-info">Granatai, 1 kg</a>
                        
                            <div class="b-product-promo-labels--mobile">
        


    </div>

    <div class="b-product-goalgroups clearfix">









        <button class="b-icon-favourite"></button>
    </div>
    <span class="favourites-tooltip-placeholder"></span>

<div class="b-product-goalgroups b-product-goalgroup--vertical clearfix">

</div>

                    </div>

<div class="b-product-price-cart-link clearfix">
    <div class="b-product-cart-link clearfix">
        <div class="b-quantity-select--placeholder clearfix"></div>
    </div>
</div>

                </div>
            </div>


        </div>
        <div class="b-product--wrap2--cross-sell">
            <div class="b-product--wrap2--cross-sell-styles">
                <span>KARTU REKOMENDUOJAME</span>
                <span>
                    <button type="button" class="close" aria-label="Uždaryti">
                        <svg
    class="b-icon"
    
    style="" 
>
    <use xlink:href="#cross"></use>
</svg>
                    </button>
                </span>
            </div>
        </div>
</div>

                        
                        
                            

<div class="b-product--wrap2 b-product--desktop-grid" itemscope itemprop="isRelatedTo" itemtype="http://schema.org/Product">
        <div class="b-product--wrap clearfix b-product--js-hook   "
             data-b-root-cat-id="acb55842-a24c-44d1-b948-082e2cdb596b"
             data-b-item-id="000000000001026643"
             data-b-units='{"units": [{"id":0,"price":2.7900,"retail_price":5.6500,"unit":"vnt.","min":1.0,"max":4.0,"step":1.0,"defaultValue":1.0}]}'
             data-b-for-cart='{&quot;id&quot;:&quot;000000000001026643&quot;,&quot;product_position_in_list&quot;:2,&quot;title&quot;:&quot;Ekologiškas agavų sirupas AMRITA, 250 ml&quot;,&quot;category_id&quot;:&quot;4d6bcfb9-81cd-4a5e-8d5f-5f9b184c7bea&quot;,&quot;category_name_full_path&quot;:&quot;Bakalėja/Priedai maistui ruošti/Sirupai&quot;,&quot;root_category_id&quot;:&quot;acb55842-a24c-44d1-b948-082e2cdb596b&quot;,&quot;brand_name&quot;:&quot;Amrita&quot;,&quot;price&quot;:2.7900,&quot;image&quot;:&quot;https://cdn.barbora.lt/products/fcd41f1b-b3b1-4cf2-badb-34731687d89d_s.png&quot;,&quot;comparative_unit&quot;:&quot;l&quot;,&quot;comparative_unit_price&quot;:11.16,&quot;status&quot;:&quot;active&quot;,&quot;popUpText&quot;:null,&quot;age_limitation&quot;:null,&quot;picking_actions&quot;:[],&quot;list&quot;:&quot;Pagrindinis puslapis&quot;,&quot;sectionTitle&quot;:&quot;Rekomenduojamos akcijos&quot;,&quot;quantity&quot;:1.0}'
             style="position: relative">
            <div class="b-product-wrap-img">


                


                <a href="/produktai/ekologiskas-agavu-sirupas-amrita-250-ml" class="b-product--imagelink b-link--product-info" aria-hidden="true" tabindex="-1"><img itemprop="image" src="https://cdn.barbora.lt/products/fcd41f1b-b3b1-4cf2-badb-34731687d89d_s.png" alt="Ekologiškas agavų sirupas AMRITA, 250 ml" /></a>
                <a href="/produktai/ekologiskas-agavu-sirupas-amrita-250-ml" class="b-product-title b-product-title--desktop b-link--product-info"><span itemprop="name">Ekologiškas agavų sirupas AMRITA, 250 ml</span></a>




<div class="b-product-prices-block" itemprop="offers" itemscope itemtype="http://schema.org/Offer">
    

    <div class="b-product-prices-block--loyalty">
    </div>

    <div>
        <div class="b-product-price-current" itemprop="priceCurrency" content="EUR">

            <span class="b-product-price-current-number"
                  itemprop="price"
                  content="2.79">
                €2,79
            </span>

            <link rel="external" itemprop="availability" href="http://schema.org/InStock" />
        </div>

            <del class="b-product-crossed-out-price">€5,65</del>

    </div>

    <div class="b-product-price--extra">


        <div>€11,16/l</div>
    </div>

</div>
            </div>

            <div class="b-product-info-wrap">
                <div class="b-product clearfix">

                    <div class="b-product-promo-labels">




    <div class="b-product-promo-label-primary" promo-tooltip="Akcija galioja iki 2022-10-31">

<svg
    class="b-icon"
    
    style="" 
>
    <use xlink:href="#label-offer-percent"></use>
</svg>
    </div>

    



</div>


                    <div class="b-product--info-icons">

                        <a href="/produktai/ekologiskas-agavu-sirupas-amrita-250-ml" class="b-product-title b-product-title--mobile b-link--product-info">Ekologiškas agavų sirupas AMRITA, 250 ml</a>
                        
                            <div class="b-product-promo-labels--mobile">
        


    </div>

    <div class="b-product-goalgroups clearfix">




                <span class="eko-tooltip-placeholder"></span>





        <button class="b-icon-favourite"></button>
    </div>
    <span class="favourites-tooltip-placeholder"></span>

<div class="b-product-goalgroups b-product-goalgroup--vertical clearfix">

</div>

                    </div>

<div class="b-product-price-cart-link clearfix">
    <div class="b-product-cart-link clearfix">
        <div class="b-quantity-select--placeholder clearfix"></div>
    </div>
</div>

                </div>
            </div>


        </div>
        <div class="b-product--wrap2--cross-sell">
            <div class="b-product--wrap2--cross-sell-styles">
                <span>KARTU REKOMENDUOJAME</span>
                <span>
                    <button type="button" class="close" aria-label="Uždaryti">
                        <svg
    class="b-icon"
    
    style="" 
>
    <use xlink:href="#cross"></use>
</svg>
                    </button>
                </span>
            </div>
        </div>
</div>

                        
                        
                            

<div class="b-product--wrap2 b-product--desktop-grid" itemscope itemprop="isRelatedTo" itemtype="http://schema.org/Product">
        <div class="b-product--wrap clearfix b-product--js-hook   "
             data-b-root-cat-id="a70ae192-1bd4-435f-a809-b54f530b4415"
             data-b-item-id="000000000000616494"
             data-b-units='{"units": [{"id":0,"price":1.3900,"retail_price":2.8500,"unit":"vnt.","min":1.0,"max":2.0,"step":1.0,"defaultValue":1.0}]}'
             data-b-for-cart='{&quot;id&quot;:&quot;000000000000616494&quot;,&quot;product_position_in_list&quot;:3,&quot;title&quot;:&quot;WC valomieji kubeliai BREF DUO-CUBES, 100 g&quot;,&quot;category_id&quot;:&quot;15ea3fde-6670-4729-a21e-433e39e19943&quot;,&quot;category_name_full_path&quot;:&quot;Švaros ir gyvūnų prekės/Buitinės chemijos prekės/Kietieji WC valikliai - gaivikliai&quot;,&quot;root_category_id&quot;:&quot;a70ae192-1bd4-435f-a809-b54f530b4415&quot;,&quot;brand_name&quot;:&quot;Bref&quot;,&quot;price&quot;:1.3900,&quot;image&quot;:&quot;https://cdn.barbora.lt/products/2e62efcc-3d0b-47ba-bb60-d57df263bee5_s.png&quot;,&quot;comparative_unit&quot;:&quot;kg&quot;,&quot;comparative_unit_price&quot;:13.90,&quot;status&quot;:&quot;active&quot;,&quot;popUpText&quot;:null,&quot;age_limitation&quot;:null,&quot;picking_actions&quot;:[],&quot;list&quot;:&quot;Pagrindinis puslapis&quot;,&quot;sectionTitle&quot;:&quot;Rekomenduojamos akcijos&quot;,&quot;quantity&quot;:1.0}'
             style="position: relative">
            <div class="b-product-wrap-img">


                


                <a href="/produktai/wc-valomieji-kubeliai-bref-duo-cubes-100-g" class="b-product--imagelink b-link--product-info" aria-hidden="true" tabindex="-1"><img itemprop="image" src="https://cdn.barbora.lt/products/2e62efcc-3d0b-47ba-bb60-d57df263bee5_s.png" alt="WC valomieji kubeliai BREF DUO-CUBES, 100 g" /></a>
                <a href="/produktai/wc-valomieji-kubeliai-bref-duo-cubes-100-g" class="b-product-title b-product-title--desktop b-link--product-info"><span itemprop="name">WC valomieji kubeliai BREF DUO-CUBES, 100 g</span></a>




<div class="b-product-prices-block" itemprop="offers" itemscope itemtype="http://schema.org/Offer">
    

    <div class="b-product-prices-block--loyalty">
    </div>

    <div>
        <div class="b-product-price-current" itemprop="priceCurrency" content="EUR">

            <span class="b-product-price-current-number"
                  itemprop="price"
                  content="1.39">
                €1,39
            </span>

            <link rel="external" itemprop="availability" href="http://schema.org/InStock" />
        </div>

            <del class="b-product-crossed-out-price">€2,85</del>

    </div>

    <div class="b-product-price--extra">


        <div>€13,90/kg</div>
    </div>

</div>
            </div>

            <div class="b-product-info-wrap">
                <div class="b-product clearfix">

                    <div class="b-product-promo-labels">




    <div class="b-product-promo-label-primary" promo-tooltip="Akcija galioja iki 2022-11-09">

<svg
    class="b-icon"
    
    style="" 
>
    <use xlink:href="#label-offer-percent"></use>
</svg>
    </div>

    



</div>


                    <div class="b-product--info-icons">

                        <a href="/produktai/wc-valomieji-kubeliai-bref-duo-cubes-100-g" class="b-product-title b-product-title--mobile b-link--product-info">WC valomieji kubeliai BREF DUO-CUBES, 100 g</a>
                        
                            <div class="b-product-promo-labels--mobile">
        


    </div>

    <div class="b-product-goalgroups clearfix">









        <button class="b-icon-favourite"></button>
    </div>
    <span class="favourites-tooltip-placeholder"></span>

<div class="b-product-goalgroups b-product-goalgroup--vertical clearfix">

</div>

                    </div>

<div class="b-product-price-cart-link clearfix">
    <div class="b-product-cart-link clearfix">
        <div class="b-quantity-select--placeholder clearfix"></div>
    </div>
</div>

                </div>
            </div>


        </div>
        <div class="b-product--wrap2--cross-sell">
            <div class="b-product--wrap2--cross-sell-styles">
                <span>KARTU REKOMENDUOJAME</span>
                <span>
                    <button type="button" class="close" aria-label="Uždaryti">
                        <svg
    class="b-icon"
    
    style="" 
>
    <use xlink:href="#cross"></use>
</svg>
                    </button>
                </span>
            </div>
        </div>
</div>

                        
                        
                            

<div class="b-product--wrap2 b-product--desktop-grid" itemscope itemprop="isRelatedTo" itemtype="http://schema.org/Product">
        <div class="b-product--wrap clearfix b-product--js-hook   "
             data-b-root-cat-id="1271e464-f471-4dc6-b286-7ea771a218a8"
             data-b-item-id="000000000001299199"
             data-b-units='{"units": [{"id":0,"price":6.9900,"retail_price":13.9900,"unit":"kg","min":2.2,"max":4.5,"step":2.2,"defaultValue":2.2,"weightableRatio":0.4545454545454545454545454545},{"id":1,"price":15.37800,"retail_price":30.78,"unit":"vnt.","min":1.0,"max":2.0,"step":1.0,"defaultValue":1.0,"weightableRatio":2.2}]}'
             data-b-for-cart='{&quot;id&quot;:&quot;000000000001299199&quot;,&quot;product_position_in_list&quot;:4,&quot;title&quot;:&quot;Lėtai virti marinuoti KREKENAVOS kiaulienos šonkauliai, 1 kg&quot;,&quot;category_id&quot;:&quot;1a1cba9b-7a13-4adf-a67c-e36d653f738e&quot;,&quot;category_name_full_path&quot;:&quot;Mėsa, žuvis ir kulinarija/Šviežios mėsos ir paukštienos pusgaminiai/Marinuota mėsa&quot;,&quot;root_category_id&quot;:&quot;1271e464-f471-4dc6-b286-7ea771a218a8&quot;,&quot;brand_name&quot;:&quot;KREKENAVOS&quot;,&quot;price&quot;:6.9900,&quot;image&quot;:&quot;https://cdn.barbora.lt/products/326cd3ad-acb6-48a7-aab4-528227d1d7fa_s.png&quot;,&quot;comparative_unit&quot;:&quot;kg&quot;,&quot;comparative_unit_price&quot;:6.99,&quot;status&quot;:&quot;active&quot;,&quot;popUpText&quot;:null,&quot;age_limitation&quot;:null,&quot;picking_actions&quot;:[],&quot;list&quot;:&quot;Pagrindinis puslapis&quot;,&quot;sectionTitle&quot;:&quot;Rekomenduojamos akcijos&quot;,&quot;quantity&quot;:2.2}'
             style="position: relative">
            <div class="b-product-wrap-img">


                


                <a href="/produktai/letai-virti-marinuoti-krekenavos-kiaulienos-sonkauliai-1-kg" class="b-product--imagelink b-link--product-info" aria-hidden="true" tabindex="-1"><img itemprop="image" src="https://cdn.barbora.lt/products/326cd3ad-acb6-48a7-aab4-528227d1d7fa_s.png" alt="Lėtai virti marinuoti KREKENAVOS kiaulienos šonkauliai, 1 kg" /></a>
                <a href="/produktai/letai-virti-marinuoti-krekenavos-kiaulienos-sonkauliai-1-kg" class="b-product-title b-product-title--desktop b-link--product-info"><span itemprop="name">Lėtai virti marinuoti KREKENAVOS kiaulienos šonkauliai, 1 kg</span></a>




<div class="b-product-prices-block" itemprop="offers" itemscope itemtype="http://schema.org/Offer">
    

    <div class="b-product-prices-block--loyalty">
    </div>

    <div>
        <div class="b-product-price-current" itemprop="priceCurrency" content="EUR">

            <span class="b-product-price-current-number"
                  itemprop="price"
                  content="6.99">
                €6,99
            </span>

            <link rel="external" itemprop="availability" href="http://schema.org/InStock" />
        </div>

            <del class="b-product-crossed-out-price">€13,99</del>

    </div>

    <div class="b-product-price--extra">


        <div>€6,99/kg</div>
    </div>

</div>
            </div>

            <div class="b-product-info-wrap">
                <div class="b-product clearfix">

                    <div class="b-product-promo-labels">




    <div class="b-product-promo-label-primary" promo-tooltip="Akcija galioja iki 2022-10-31">

<svg
    class="b-icon"
    
    style="" 
>
    <use xlink:href="#label-offer-percent"></use>
</svg>
    </div>

    



</div>


                    <div class="b-product--info-icons">

                        <a href="/produktai/letai-virti-marinuoti-krekenavos-kiaulienos-sonkauliai-1-kg" class="b-product-title b-product-title--mobile b-link--product-info">Lėtai virti marinuoti KREKENAVOS kiaulienos šonkauliai, 1 kg</a>
                        
                            <div class="b-product-promo-labels--mobile">
        


    </div>

    <div class="b-product-goalgroups clearfix">









        <button class="b-icon-favourite"></button>
    </div>
    <span class="favourites-tooltip-placeholder"></span>

<div class="b-product-goalgroups b-product-goalgroup--vertical clearfix">

</div>

                    </div>

<div class="b-product-price-cart-link clearfix">
    <div class="b-product-cart-link clearfix">
        <div class="b-quantity-select--placeholder clearfix"></div>
    </div>
</div>

                </div>
            </div>


        </div>
        <div class="b-product--wrap2--cross-sell">
            <div class="b-product--wrap2--cross-sell-styles">
                <span>KARTU REKOMENDUOJAME</span>
                <span>
                    <button type="button" class="close" aria-label="Uždaryti">
                        <svg
    class="b-icon"
    
    style="" 
>
    <use xlink:href="#cross"></use>
</svg>
                    </button>
                </span>
            </div>
        </div>
</div>

                        
                        
                            

<div class="b-product--wrap2 b-product--desktop-grid" itemscope itemprop="isRelatedTo" itemtype="http://schema.org/Product">
        <div class="b-product--wrap clearfix b-product--js-hook   "
             data-b-root-cat-id="1271e464-f471-4dc6-b286-7ea771a218a8"
             data-b-item-id="000000000001070478"
             data-b-units='{"units": [{"id":0,"price":2.1400,"retail_price":4.2900,"unit":"vnt.","min":1.0,"max":4.0,"step":1.0,"defaultValue":1.0}]}'
             data-b-for-cart='{&quot;id&quot;:&quot;000000000001070478&quot;,&quot;product_position_in_list&quot;:5,&quot;title&quot;:&quot;Šaltai rūkyta GASPADORIAUS skilandinė dešra, a.r., 350 g&quot;,&quot;category_id&quot;:&quot;dde7cb47-db3c-4472-8bb7-ed6c2741a67d&quot;,&quot;category_name_full_path&quot;:&quot;Mėsa, žuvis ir kulinarija/Mėsos ir paukštienos gaminiai/Šaltai rūkytos dešros&quot;,&quot;root_category_id&quot;:&quot;1271e464-f471-4dc6-b286-7ea771a218a8&quot;,&quot;brand_name&quot;:&quot;GASPADORIAUS MĖSINĖ&quot;,&quot;price&quot;:2.1400,&quot;image&quot;:&quot;https://cdn.barbora.lt/products/f217f957-9063-4c10-9015-9738061d88fc_s.png&quot;,&quot;comparative_unit&quot;:&quot;kg&quot;,&quot;comparative_unit_price&quot;:6.11,&quot;status&quot;:&quot;active&quot;,&quot;popUpText&quot;:null,&quot;age_limitation&quot;:null,&quot;picking_actions&quot;:[],&quot;list&quot;:&quot;Pagrindinis puslapis&quot;,&quot;sectionTitle&quot;:&quot;Rekomenduojamos akcijos&quot;,&quot;quantity&quot;:1.0}'
             style="position: relative">
            <div class="b-product-wrap-img">


                


                <a href="/produktai/saltai-rukyta-gaspadoriaus-skilandine-desra-a-r-350-g" class="b-product--imagelink b-link--product-info" aria-hidden="true" tabindex="-1"><img itemprop="image" src="https://cdn.barbora.lt/products/f217f957-9063-4c10-9015-9738061d88fc_s.png" alt="Šaltai rūkyta GASPADORIAUS skilandinė dešra, a.r., 350 g" /></a>
                <a href="/produktai/saltai-rukyta-gaspadoriaus-skilandine-desra-a-r-350-g" class="b-product-title b-product-title--desktop b-link--product-info"><span itemprop="name">Šaltai rūkyta GASPADORIAUS skilandinė dešra, a.r., 350 g</span></a>




<div class="b-product-prices-block" itemprop="offers" itemscope itemtype="http://schema.org/Offer">
    

    <div class="b-product-prices-block--loyalty">
    </div>

    <div>
        <div class="b-product-price-current" itemprop="priceCurrency" content="EUR">

            <span class="b-product-price-current-number"
                  itemprop="price"
                  content="2.14">
                €2,14
            </span>

            <link rel="external" itemprop="availability" href="http://schema.org/InStock" />
        </div>

            <del class="b-product-crossed-out-price">€4,29</del>

    </div>

    <div class="b-product-price--extra">


        <div>€6,11/kg</div>
    </div>

</div>
            </div>

            <div class="b-product-info-wrap">
                <div class="b-product clearfix">

                    <div class="b-product-promo-labels">




    <div class="b-product-promo-label-primary" promo-tooltip="Akcija galioja iki 2022-10-31">

<svg
    class="b-icon"
    
    style="" 
>
    <use xlink:href="#label-offer-percent"></use>
</svg>
    </div>

    



</div>


                    <div class="b-product--info-icons">

                        <a href="/produktai/saltai-rukyta-gaspadoriaus-skilandine-desra-a-r-350-g" class="b-product-title b-product-title--mobile b-link--product-info">Šaltai rūkyta GASPADORIAUS skilandinė dešra, a.r., 350 g</a>
                        
                            <div class="b-product-promo-labels--mobile">
        


    </div>

    <div class="b-product-goalgroups clearfix">









        <button class="b-icon-favourite"></button>
    </div>
    <span class="favourites-tooltip-placeholder"></span>

<div class="b-product-goalgroups b-product-goalgroup--vertical clearfix">

</div>

                    </div>

<div class="b-product-price-cart-link clearfix">
    <div class="b-product-cart-link clearfix">
        <div class="b-quantity-select--placeholder clearfix"></div>
    </div>
</div>

                </div>
            </div>


        </div>
        <div class="b-product--wrap2--cross-sell">
            <div class="b-product--wrap2--cross-sell-styles">
                <span>KARTU REKOMENDUOJAME</span>
                <span>
                    <button type="button" class="close" aria-label="Uždaryti">
                        <svg
    class="b-icon"
    
    style="" 
>
    <use xlink:href="#cross"></use>
</svg>
                    </button>
                </span>
            </div>
        </div>
</div>

                        
                        
                            

<div class="b-product--wrap2 b-product--desktop-grid" itemscope itemprop="isRelatedTo" itemtype="http://schema.org/Product">
        <div class="b-product--wrap clearfix b-product--js-hook   "
             data-b-root-cat-id="acb55842-a24c-44d1-b948-082e2cdb596b"
             data-b-item-id="000000000000163680"
             data-b-units='{"units": [{"id":0,"price":1.6500,"retail_price":3.2900,"unit":"vnt.","min":1.0,"max":10.0,"step":1.0,"defaultValue":1.0}]}'
             data-b-for-cart='{&quot;id&quot;:&quot;000000000000163680&quot;,&quot;product_position_in_list&quot;:6,&quot;title&quot;:&quot;Įvairūs pipirai KOTANYI malūnėlyje, 35 g&quot;,&quot;category_id&quot;:&quot;1c0dcece-9749-4f43-9a27-2d4145022c58&quot;,&quot;category_name_full_path&quot;:&quot;Bakalėja/Prieskoniai/Pipirai&quot;,&quot;root_category_id&quot;:&quot;acb55842-a24c-44d1-b948-082e2cdb596b&quot;,&quot;brand_name&quot;:&quot;Kot&#225;nyi&quot;,&quot;price&quot;:1.6500,&quot;image&quot;:&quot;https://cdn.barbora.lt/products/bfda1271-6045-41ba-88e5-a264ea77f161_s.png&quot;,&quot;comparative_unit&quot;:&quot;kg&quot;,&quot;comparative_unit_price&quot;:47.14,&quot;status&quot;:&quot;active&quot;,&quot;popUpText&quot;:null,&quot;age_limitation&quot;:null,&quot;picking_actions&quot;:[],&quot;list&quot;:&quot;Pagrindinis puslapis&quot;,&quot;sectionTitle&quot;:&quot;Rekomenduojamos akcijos&quot;,&quot;quantity&quot;:1.0}'
             style="position: relative">
            <div class="b-product-wrap-img">


                


                <a href="/produktai/ivairus-pipirai-kotanyi-malunelyje-35-g" class="b-product--imagelink b-link--product-info" aria-hidden="true" tabindex="-1"><img itemprop="image" src="https://cdn.barbora.lt/products/bfda1271-6045-41ba-88e5-a264ea77f161_s.png" alt="Įvairūs pipirai KOTANYI malūnėlyje, 35 g" /></a>
                <a href="/produktai/ivairus-pipirai-kotanyi-malunelyje-35-g" class="b-product-title b-product-title--desktop b-link--product-info"><span itemprop="name">Įvairūs pipirai KOTANYI malūnėlyje, 35 g</span></a>




<div class="b-product-prices-block" itemprop="offers" itemscope itemtype="http://schema.org/Offer">
    

    <div class="b-product-prices-block--loyalty">
    </div>

    <div>
        <div class="b-product-price-current" itemprop="priceCurrency" content="EUR">

            <span class="b-product-price-current-number"
                  itemprop="price"
                  content="1.65">
                €1,65
            </span>

            <link rel="external" itemprop="availability" href="http://schema.org/InStock" />
        </div>

            <del class="b-product-crossed-out-price">€3,29</del>

    </div>

    <div class="b-product-price--extra">


        <div>€47,14/kg</div>
    </div>

</div>
            </div>

            <div class="b-product-info-wrap">
                <div class="b-product clearfix">

                    <div class="b-product-promo-labels">




    <div class="b-product-promo-label-primary" promo-tooltip="Akcija galioja iki 2022-10-31">

<svg
    class="b-icon"
    
    style="" 
>
    <use xlink:href="#label-offer"></use>
</svg>                    <span class="b-product-promo-label-primary--percent">-50%</span>

    </div>

    



</div>


                    <div class="b-product--info-icons">

                        <a href="/produktai/ivairus-pipirai-kotanyi-malunelyje-35-g" class="b-product-title b-product-title--mobile b-link--product-info">Įvairūs pipirai KOTANYI malūnėlyje, 35 g</a>
                        
                            <div class="b-product-promo-labels--mobile">
        


    </div>

    <div class="b-product-goalgroups clearfix">









        <button class="b-icon-favourite"></button>
    </div>
    <span class="favourites-tooltip-placeholder"></span>

<div class="b-product-goalgroups b-product-goalgroup--vertical clearfix">

</div>

                    </div>

<div class="b-product-price-cart-link clearfix">
    <div class="b-product-cart-link clearfix">
        <div class="b-quantity-select--placeholder clearfix"></div>
    </div>
</div>

                </div>
            </div>


        </div>
        <div class="b-product--wrap2--cross-sell">
            <div class="b-product--wrap2--cross-sell-styles">
                <span>KARTU REKOMENDUOJAME</span>
                <span>
                    <button type="button" class="close" aria-label="Uždaryti">
                        <svg
    class="b-icon"
    
    style="" 
>
    <use xlink:href="#cross"></use>
</svg>
                    </button>
                </span>
            </div>
        </div>
</div>

                        
                        
                            

<div class="b-product--wrap2 b-product--desktop-grid" itemscope itemprop="isRelatedTo" itemtype="http://schema.org/Product">
        <div class="b-product--wrap clearfix b-product--js-hook   "
             data-b-root-cat-id="acb55842-a24c-44d1-b948-082e2cdb596b"
             data-b-item-id="000000000000163681"
             data-b-units='{"units": [{"id":0,"price":1.6500,"retail_price":3.2900,"unit":"vnt.","min":1.0,"max":10.0,"step":1.0,"defaultValue":1.0}]}'
             data-b-for-cart='{&quot;id&quot;:&quot;000000000000163681&quot;,&quot;product_position_in_list&quot;:7,&quot;title&quot;:&quot;Juodieji pipirai KOTANYI malūnėlyje, 36 g&quot;,&quot;category_id&quot;:&quot;1c0dcece-9749-4f43-9a27-2d4145022c58&quot;,&quot;category_name_full_path&quot;:&quot;Bakalėja/Prieskoniai/Pipirai&quot;,&quot;root_category_id&quot;:&quot;acb55842-a24c-44d1-b948-082e2cdb596b&quot;,&quot;brand_name&quot;:&quot;Kot&#225;nyi&quot;,&quot;price&quot;:1.6500,&quot;image&quot;:&quot;https://cdn.barbora.lt/products/ed44d7f0-1585-4de4-b9ff-52d2046f8f22_s.png&quot;,&quot;comparative_unit&quot;:&quot;kg&quot;,&quot;comparative_unit_price&quot;:45.83,&quot;status&quot;:&quot;active&quot;,&quot;popUpText&quot;:null,&quot;age_limitation&quot;:null,&quot;picking_actions&quot;:[],&quot;list&quot;:&quot;Pagrindinis puslapis&quot;,&quot;sectionTitle&quot;:&quot;Rekomenduojamos akcijos&quot;,&quot;quantity&quot;:1.0}'
             style="position: relative">
            <div class="b-product-wrap-img">


                


                <a href="/produktai/juodieji-pipirai-kotanyi-malunelyje-36-g" class="b-product--imagelink b-link--product-info" aria-hidden="true" tabindex="-1"><img itemprop="image" src="https://cdn.barbora.lt/products/ed44d7f0-1585-4de4-b9ff-52d2046f8f22_s.png" alt="Juodieji pipirai KOTANYI malūnėlyje, 36 g" /></a>
                <a href="/produktai/juodieji-pipirai-kotanyi-malunelyje-36-g" class="b-product-title b-product-title--desktop b-link--product-info"><span itemprop="name">Juodieji pipirai KOTANYI malūnėlyje, 36 g</span></a>




<div class="b-product-prices-block" itemprop="offers" itemscope itemtype="http://schema.org/Offer">
    

    <div class="b-product-prices-block--loyalty">
    </div>

    <div>
        <div class="b-product-price-current" itemprop="priceCurrency" content="EUR">

            <span class="b-product-price-current-number"
                  itemprop="price"
                  content="1.65">
                €1,65
            </span>

            <link rel="external" itemprop="availability" href="http://schema.org/InStock" />
        </div>

            <del class="b-product-crossed-out-price">€3,29</del>

    </div>

    <div class="b-product-price--extra">


        <div>€45,83/kg</div>
    </div>

</div>
            </div>

            <div class="b-product-info-wrap">
                <div class="b-product clearfix">

                    <div class="b-product-promo-labels">




    <div class="b-product-promo-label-primary" promo-tooltip="Akcija galioja iki 2022-10-31">

<svg
    class="b-icon"
    
    style="" 
>
    <use xlink:href="#label-offer"></use>
</svg>                    <span class="b-product-promo-label-primary--percent">-50%</span>

    </div>

    



</div>


                    <div class="b-product--info-icons">

                        <a href="/produktai/juodieji-pipirai-kotanyi-malunelyje-36-g" class="b-product-title b-product-title--mobile b-link--product-info">Juodieji pipirai KOTANYI malūnėlyje, 36 g</a>
                        
                            <div class="b-product-promo-labels--mobile">
        


    </div>

    <div class="b-product-goalgroups clearfix">









        <button class="b-icon-favourite"></button>
    </div>
    <span class="favourites-tooltip-placeholder"></span>

<div class="b-product-goalgroups b-product-goalgroup--vertical clearfix">

</div>

                    </div>

<div class="b-product-price-cart-link clearfix">
    <div class="b-product-cart-link clearfix">
        <div class="b-quantity-select--placeholder clearfix"></div>
    </div>
</div>

                </div>
            </div>


        </div>
        <div class="b-product--wrap2--cross-sell">
            <div class="b-product--wrap2--cross-sell-styles">
                <span>KARTU REKOMENDUOJAME</span>
                <span>
                    <button type="button" class="close" aria-label="Uždaryti">
                        <svg
    class="b-icon"
    
    style="" 
>
    <use xlink:href="#cross"></use>
</svg>
                    </button>
                </span>
            </div>
        </div>
</div>

                        
                        
                            

<div class="b-product--wrap2 b-product--desktop-grid" itemscope itemprop="isRelatedTo" itemtype="http://schema.org/Product">
        <div class="b-product--wrap clearfix b-product--js-hook   "
             data-b-root-cat-id="acb55842-a24c-44d1-b948-082e2cdb596b"
             data-b-item-id="000000000000907954"
             data-b-units='{"units": [{"id":0,"price":1.6500,"retail_price":3.2900,"unit":"vnt.","min":1.0,"max":10.0,"step":1.0,"defaultValue":1.0}]}'
             data-b-for-cart='{&quot;id&quot;:&quot;000000000000907954&quot;,&quot;product_position_in_list&quot;:8,&quot;title&quot;:&quot;Aitriosios paprikos KOTANYI malūnėlyje, 34 g&quot;,&quot;category_id&quot;:&quot;3bd3e2e2-2e49-49c1-9a39-6b140b7bcc6d&quot;,&quot;category_name_full_path&quot;:&quot;Bakalėja/Prieskoniai/Grynieji prieskoniai&quot;,&quot;root_category_id&quot;:&quot;acb55842-a24c-44d1-b948-082e2cdb596b&quot;,&quot;brand_name&quot;:&quot;Kotanyi&quot;,&quot;price&quot;:1.6500,&quot;image&quot;:&quot;https://cdn.barbora.lt/products/a912e1f6-e1ec-429b-bf39-7ba260f0ffc6_s.png&quot;,&quot;comparative_unit&quot;:&quot;kg&quot;,&quot;comparative_unit_price&quot;:48.53,&quot;status&quot;:&quot;active&quot;,&quot;popUpText&quot;:null,&quot;age_limitation&quot;:null,&quot;picking_actions&quot;:[],&quot;list&quot;:&quot;Pagrindinis puslapis&quot;,&quot;sectionTitle&quot;:&quot;Rekomenduojamos akcijos&quot;,&quot;quantity&quot;:1.0}'
             style="position: relative">
            <div class="b-product-wrap-img">


                


                <a href="/produktai/aitriosios-paprikos-kotanyi-malunelyje-34-g" class="b-product--imagelink b-link--product-info" aria-hidden="true" tabindex="-1"><img itemprop="image" src="https://cdn.barbora.lt/products/a912e1f6-e1ec-429b-bf39-7ba260f0ffc6_s.png" alt="Aitriosios paprikos KOTANYI malūnėlyje, 34 g" /></a>
                <a href="/produktai/aitriosios-paprikos-kotanyi-malunelyje-34-g" class="b-product-title b-product-title--desktop b-link--product-info"><span itemprop="name">Aitriosios paprikos KOTANYI malūnėlyje, 34 g</span></a>




<div class="b-product-prices-block" itemprop="offers" itemscope itemtype="http://schema.org/Offer">
    

    <div class="b-product-prices-block--loyalty">
    </div>

    <div>
        <div class="b-product-price-current" itemprop="priceCurrency" content="EUR">

            <span class="b-product-price-current-number"
                  itemprop="price"
                  content="1.65">
                €1,65
            </span>

            <link rel="external" itemprop="availability" href="http://schema.org/InStock" />
        </div>

            <del class="b-product-crossed-out-price">€3,29</del>

    </div>

    <div class="b-product-price--extra">


        <div>€48,53/kg</div>
    </div>

</div>
            </div>

            <div class="b-product-info-wrap">
                <div class="b-product clearfix">

                    <div class="b-product-promo-labels">




    <div class="b-product-promo-label-primary" promo-tooltip="Akcija galioja iki 2022-10-31">

<svg
    class="b-icon"
    
    style="" 
>
    <use xlink:href="#label-offer"></use>
</svg>                    <span class="b-product-promo-label-primary--percent">-50%</span>

    </div>

    



</div>


                    <div class="b-product--info-icons">

                        <a href="/produktai/aitriosios-paprikos-kotanyi-malunelyje-34-g" class="b-product-title b-product-title--mobile b-link--product-info">Aitriosios paprikos KOTANYI malūnėlyje, 34 g</a>
                        
                            <div class="b-product-promo-labels--mobile">
        


    </div>

    <div class="b-product-goalgroups clearfix">









        <button class="b-icon-favourite"></button>
    </div>
    <span class="favourites-tooltip-placeholder"></span>

<div class="b-product-goalgroups b-product-goalgroup--vertical clearfix">

</div>

                    </div>

<div class="b-product-price-cart-link clearfix">
    <div class="b-product-cart-link clearfix">
        <div class="b-quantity-select--placeholder clearfix"></div>
    </div>
</div>

                </div>
            </div>


        </div>
        <div class="b-product--wrap2--cross-sell">
            <div class="b-product--wrap2--cross-sell-styles">
                <span>KARTU REKOMENDUOJAME</span>
                <span>
                    <button type="button" class="close" aria-label="Uždaryti">
                        <svg
    class="b-icon"
    
    style="" 
>
    <use xlink:href="#cross"></use>
</svg>
                    </button>
                </span>
            </div>
        </div>
</div>

                        
                        
                            

<div class="b-product--wrap2 b-product--desktop-grid" itemscope itemprop="isRelatedTo" itemtype="http://schema.org/Product">
        <div class="b-product--wrap clearfix b-product--js-hook   "
             data-b-root-cat-id="2456a910-eacb-4537-b214-17ed21682888"
             data-b-item-id="000000000000182318"
             data-b-units='{"units": [{"id":0,"price":1.4900,"retail_price":2.9900,"unit":"kg","min":2.5,"max":5.0,"step":2.5,"defaultValue":2.5,"weightableRatio":0.4},{"id":1,"price":3.72500,"retail_price":7.48,"unit":"vnt.","min":1.0,"max":2.0,"step":1.0,"defaultValue":1.0,"weightableRatio":2.5}]}'
             data-b-for-cart='{&quot;id&quot;:&quot;000000000000182318&quot;,&quot;product_position_in_list&quot;:9,&quot;title&quot;:&quot;Didieji greipfrutai POMELO, 1 kg&quot;,&quot;category_id&quot;:&quot;690e3c1b-b177-497d-add3-48b8f7f2c145&quot;,&quot;category_name_full_path&quot;:&quot;Daržovės ir vaisiai/Vaisiai ir uogos/Citrusiniai vaisiai&quot;,&quot;root_category_id&quot;:&quot;2456a910-eacb-4537-b214-17ed21682888&quot;,&quot;brand_name&quot;:&quot;&quot;,&quot;price&quot;:1.4900,&quot;image&quot;:&quot;https://cdn.barbora.lt/products/559431d8-0fe8-4ad7-be5c-85559f42bfe4_s.png&quot;,&quot;comparative_unit&quot;:&quot;kg&quot;,&quot;comparative_unit_price&quot;:1.49,&quot;status&quot;:&quot;active&quot;,&quot;popUpText&quot;:null,&quot;age_limitation&quot;:null,&quot;picking_actions&quot;:[],&quot;list&quot;:&quot;Pagrindinis puslapis&quot;,&quot;sectionTitle&quot;:&quot;Rekomenduojamos akcijos&quot;,&quot;quantity&quot;:2.5}'
             style="position: relative">
            <div class="b-product-wrap-img">


                


                <a href="/produktai/didieji-greipfrutai-pomelo-1-kg" class="b-product--imagelink b-link--product-info" aria-hidden="true" tabindex="-1"><img itemprop="image" src="https://cdn.barbora.lt/products/559431d8-0fe8-4ad7-be5c-85559f42bfe4_s.png" alt="Didieji greipfrutai POMELO, 1 kg" /></a>
                <a href="/produktai/didieji-greipfrutai-pomelo-1-kg" class="b-product-title b-product-title--desktop b-link--product-info"><span itemprop="name">Didieji greipfrutai POMELO, 1 kg</span></a>




<div class="b-product-prices-block" itemprop="offers" itemscope itemtype="http://schema.org/Offer">
    

    <div class="b-product-prices-block--loyalty">
    </div>

    <div>
        <div class="b-product-price-current" itemprop="priceCurrency" content="EUR">

            <span class="b-product-price-current-number"
                  itemprop="price"
                  content="1.49">
                €1,49
            </span>

            <link rel="external" itemprop="availability" href="http://schema.org/InStock" />
        </div>

            <del class="b-product-crossed-out-price">€2,99</del>

    </div>

    <div class="b-product-price--extra">


        <div>€1,49/kg</div>
    </div>

</div>
            </div>

            <div class="b-product-info-wrap">
                <div class="b-product clearfix">

                    <div class="b-product-promo-labels">




    <div class="b-product-promo-label-primary" promo-tooltip="Akcija galioja iki 2022-10-30">

<svg
    class="b-icon"
    
    style="" 
>
    <use xlink:href="#label-offer-percent"></use>
</svg>
    </div>

    
		<div class="b-product-promo-label-secondary b-product-promo-label-secondary--new-placeholder"></div>



</div>


                    <div class="b-product--info-icons">

                        <a href="/produktai/didieji-greipfrutai-pomelo-1-kg" class="b-product-title b-product-title--mobile b-link--product-info">Didieji greipfrutai POMELO, 1 kg</a>
                        
                            <div class="b-product-promo-labels--mobile">
        
		<div class="b-product-promo-label-secondary b-product-promo-label-secondary--new-placeholder"></div>


    </div>

    <div class="b-product-goalgroups clearfix">









        <button class="b-icon-favourite"></button>
    </div>
    <span class="favourites-tooltip-placeholder"></span>

<div class="b-product-goalgroups b-product-goalgroup--vertical clearfix">

</div>

                    </div>

<div class="b-product-price-cart-link clearfix">
    <div class="b-product-cart-link clearfix">
        <div class="b-quantity-select--placeholder clearfix"></div>
    </div>
</div>

                </div>
            </div>


        </div>
        <div class="b-product--wrap2--cross-sell">
            <div class="b-product--wrap2--cross-sell-styles">
                <span>KARTU REKOMENDUOJAME</span>
                <span>
                    <button type="button" class="close" aria-label="Uždaryti">
                        <svg
    class="b-icon"
    
    style="" 
>
    <use xlink:href="#cross"></use>
</svg>
                    </button>
                </span>
            </div>
        </div>
</div>

                        
                        
                            

<div class="b-product--wrap2 b-product--desktop-grid" itemscope itemprop="isRelatedTo" itemtype="http://schema.org/Product">
        <div class="b-product--wrap clearfix b-product--js-hook   "
             data-b-root-cat-id="acb55842-a24c-44d1-b948-082e2cdb596b"
             data-b-item-id="000000000000737225"
             data-b-units='{"units": [{"id":0,"price":1.2500,"retail_price":2.4900,"unit":"vnt.","min":1.0,"max":10.0,"step":1.0,"defaultValue":1.0}]}'
             data-b-for-cart='{&quot;id&quot;:&quot;000000000000737225&quot;,&quot;product_position_in_list&quot;:10,&quot;title&quot;:&quot;Šafranas KOTANYI, 12 g&quot;,&quot;category_id&quot;:&quot;3bd3e2e2-2e49-49c1-9a39-6b140b7bcc6d&quot;,&quot;category_name_full_path&quot;:&quot;Bakalėja/Prieskoniai/Grynieji prieskoniai&quot;,&quot;root_category_id&quot;:&quot;acb55842-a24c-44d1-b948-082e2cdb596b&quot;,&quot;brand_name&quot;:&quot;Kot&#225;nyi&quot;,&quot;price&quot;:1.2500,&quot;image&quot;:&quot;https://cdn.barbora.lt/products/9ce36786-f188-43d7-9b73-eb7f417347b3_s.png&quot;,&quot;comparative_unit&quot;:&quot;kg&quot;,&quot;comparative_unit_price&quot;:104.17,&quot;status&quot;:&quot;active&quot;,&quot;popUpText&quot;:null,&quot;age_limitation&quot;:null,&quot;picking_actions&quot;:[],&quot;list&quot;:&quot;Pagrindinis puslapis&quot;,&quot;sectionTitle&quot;:&quot;Rekomenduojamos akcijos&quot;,&quot;quantity&quot;:1.0}'
             style="position: relative">
            <div class="b-product-wrap-img">


                


                <a href="/produktai/safranas-kotanyi-12-g" class="b-product--imagelink b-link--product-info" aria-hidden="true" tabindex="-1"><img itemprop="image" src="https://cdn.barbora.lt/products/9ce36786-f188-43d7-9b73-eb7f417347b3_s.png" alt="Šafranas KOTANYI, 12 g" /></a>
                <a href="/produktai/safranas-kotanyi-12-g" class="b-product-title b-product-title--desktop b-link--product-info"><span itemprop="name">Šafranas KOTANYI, 12 g</span></a>




<div class="b-product-prices-block" itemprop="offers" itemscope itemtype="http://schema.org/Offer">
    

    <div class="b-product-prices-block--loyalty">
    </div>

    <div>
        <div class="b-product-price-current" itemprop="priceCurrency" content="EUR">

            <span class="b-product-price-current-number"
                  itemprop="price"
                  content="1.25">
                €1,25
            </span>

            <link rel="external" itemprop="availability" href="http://schema.org/InStock" />
        </div>

            <del class="b-product-crossed-out-price">€2,49</del>

    </div>

    <div class="b-product-price--extra">


        <div>€104,17/kg</div>
    </div>

</div>
            </div>

            <div class="b-product-info-wrap">
                <div class="b-product clearfix">

                    <div class="b-product-promo-labels">




    <div class="b-product-promo-label-primary" promo-tooltip="Akcija galioja iki 2022-10-31">

<svg
    class="b-icon"
    
    style="" 
>
    <use xlink:href="#label-offer"></use>
</svg>                    <span class="b-product-promo-label-primary--percent">-50%</span>

    </div>

    



</div>


                    <div class="b-product--info-icons">

                        <a href="/produktai/safranas-kotanyi-12-g" class="b-product-title b-product-title--mobile b-link--product-info">Šafranas KOTANYI, 12 g</a>
                        
                            <div class="b-product-promo-labels--mobile">
        


    </div>

    <div class="b-product-goalgroups clearfix">









        <button class="b-icon-favourite"></button>
    </div>
    <span class="favourites-tooltip-placeholder"></span>

<div class="b-product-goalgroups b-product-goalgroup--vertical clearfix">

</div>

                    </div>

<div class="b-product-price-cart-link clearfix">
    <div class="b-product-cart-link clearfix">
        <div class="b-quantity-select--placeholder clearfix"></div>
    </div>
</div>

                </div>
            </div>


        </div>
        <div class="b-product--wrap2--cross-sell">
            <div class="b-product--wrap2--cross-sell-styles">
                <span>KARTU REKOMENDUOJAME</span>
                <span>
                    <button type="button" class="close" aria-label="Uždaryti">
                        <svg
    class="b-icon"
    
    style="" 
>
    <use xlink:href="#cross"></use>
</svg>
                    </button>
                </span>
            </div>
        </div>
</div>

                        
                        
                            

<div class="b-product--wrap2 b-product--desktop-grid" itemscope itemprop="isRelatedTo" itemtype="http://schema.org/Product">
        <div class="b-product--wrap clearfix b-product--js-hook   "
             data-b-root-cat-id="acb55842-a24c-44d1-b948-082e2cdb596b"
             data-b-item-id="000000000000545842"
             data-b-units='{"units": [{"id":0,"price":0.8000,"retail_price":1.5900,"unit":"vnt.","min":1.0,"max":10.0,"step":1.0,"defaultValue":1.0}]}'
             data-b-for-cart='{&quot;id&quot;:&quot;000000000000545842&quot;,&quot;product_position_in_list&quot;:11,&quot;title&quot;:&quot;Cinamono lazdelės KOTANYI, 17 g&quot;,&quot;category_id&quot;:&quot;3bd3e2e2-2e49-49c1-9a39-6b140b7bcc6d&quot;,&quot;category_name_full_path&quot;:&quot;Bakalėja/Prieskoniai/Grynieji prieskoniai&quot;,&quot;root_category_id&quot;:&quot;acb55842-a24c-44d1-b948-082e2cdb596b&quot;,&quot;brand_name&quot;:&quot;Kot&#225;nyi&quot;,&quot;price&quot;:0.8000,&quot;image&quot;:&quot;https://cdn.barbora.lt/products/a7fcc006-04ba-40cc-bd4d-820a88940e10_s.png&quot;,&quot;comparative_unit&quot;:&quot;kg&quot;,&quot;comparative_unit_price&quot;:47.06,&quot;status&quot;:&quot;active&quot;,&quot;popUpText&quot;:null,&quot;age_limitation&quot;:null,&quot;picking_actions&quot;:[],&quot;list&quot;:&quot;Pagrindinis puslapis&quot;,&quot;sectionTitle&quot;:&quot;Rekomenduojamos akcijos&quot;,&quot;quantity&quot;:1.0}'
             style="position: relative">
            <div class="b-product-wrap-img">


                


                <a href="/produktai/cinamono-lazdeles-kotanyi-17-g" class="b-product--imagelink b-link--product-info" aria-hidden="true" tabindex="-1"><img itemprop="image" src="https://cdn.barbora.lt/products/a7fcc006-04ba-40cc-bd4d-820a88940e10_s.png" alt="Cinamono lazdelės KOTANYI, 17 g" /></a>
                <a href="/produktai/cinamono-lazdeles-kotanyi-17-g" class="b-product-title b-product-title--desktop b-link--product-info"><span itemprop="name">Cinamono lazdelės KOTANYI, 17 g</span></a>




<div class="b-product-prices-block" itemprop="offers" itemscope itemtype="http://schema.org/Offer">
    

    <div class="b-product-prices-block--loyalty">
    </div>

    <div>
        <div class="b-product-price-current" itemprop="priceCurrency" content="EUR">

            <span class="b-product-price-current-number"
                  itemprop="price"
                  content="0.8">
                €0,80
            </span>

            <link rel="external" itemprop="availability" href="http://schema.org/InStock" />
        </div>

            <del class="b-product-crossed-out-price">€1,59</del>

    </div>

    <div class="b-product-price--extra">


        <div>€47,06/kg</div>
    </div>

</div>
            </div>

            <div class="b-product-info-wrap">
                <div class="b-product clearfix">

                    <div class="b-product-promo-labels">




    <div class="b-product-promo-label-primary" promo-tooltip="Akcija galioja iki 2022-10-31">

<svg
    class="b-icon"
    
    style="" 
>
    <use xlink:href="#label-offer"></use>
</svg>                    <span class="b-product-promo-label-primary--percent">-50%</span>

    </div>

    



</div>


                    <div class="b-product--info-icons">

                        <a href="/produktai/cinamono-lazdeles-kotanyi-17-g" class="b-product-title b-product-title--mobile b-link--product-info">Cinamono lazdelės KOTANYI, 17 g</a>
                        
                            <div class="b-product-promo-labels--mobile">
        


    </div>

    <div class="b-product-goalgroups clearfix">









        <button class="b-icon-favourite"></button>
    </div>
    <span class="favourites-tooltip-placeholder"></span>

<div class="b-product-goalgroups b-product-goalgroup--vertical clearfix">

</div>

                    </div>

<div class="b-product-price-cart-link clearfix">
    <div class="b-product-cart-link clearfix">
        <div class="b-quantity-select--placeholder clearfix"></div>
    </div>
</div>

                </div>
            </div>


        </div>
        <div class="b-product--wrap2--cross-sell">
            <div class="b-product--wrap2--cross-sell-styles">
                <span>KARTU REKOMENDUOJAME</span>
                <span>
                    <button type="button" class="close" aria-label="Uždaryti">
                        <svg
    class="b-icon"
    
    style="" 
>
    <use xlink:href="#cross"></use>
</svg>
                    </button>
                </span>
            </div>
        </div>
</div>

                        
            </div>



<script type="text/javascript">
    var products = [{"attributes":{"list":[]},"picking_actions":[],"units":[{"id":0,"price":0.3900,"retail_price":0.9900,"unit":"kg","min":6.0,"max":14.0,"step":6.0,"defaultValue":6.0,"weightableRatio":0.1666666666666666666666666667},{"id":1,"price":2.3400,"retail_price":5.94,"unit":"vnt.","min":1.0,"max":2.0,"step":1.0,"defaultValue":1.0,"weightableRatio":6.0}],"is_adult":false,"inFavorites":false,"extra":{"is_sellout":true,"discount":0.0,"buy_x_quantity_for_y_price_promo":null,"maxi_pack_price_promo":null,"is_with_card":false,"extra_loyalty_points":null,"is_new":false,"is_top":false,"is_time":null,"is_today":false,"is_gift_available":false,"is_not_available_for_cnc":false,"is_not_available_for_pup":false},"show_promo_label":true,"show_promo_price":true,"giftsCampaignItems":null,"segment_id":null,"id":"000000000000181140","title":"Moliūgai, 1 kg","category_id":"ede544ad-3ea5-4769-876a-4e3c8f55de1b","category_name_full_path":"Daržovės ir vaisiai/Daržovės/Moliūgai ir cukinijos","category_path_url":"darzoves-ir-vaisiai/darzoves/moliugai-ir-cukinijos","root_category_id":"2456a910-eacb-4537-b214-17ed21682888","brand_name":"","brand_id":null,"shopcode":"X500","price":0.3900,"retail_price":0.9900,"image":"https://cdn.barbora.lt/products/683808b4-a189-4540-8936-fbe3607694b6_s.png","big_image":"https://cdn.barbora.lt/products/683808b4-a189-4540-8936-fbe3607694b6_m.png","comparative_unit":"kg","comparative_unit_price":0.39,"status":"active","GiftsCampaignItems":null,"own_inventory":false,"ShowInOffersTo":"2022-10-31T00:00:00","Url":"moliugai-1-kg","ExternalSuppliers":null,"is_made_in_Eu":false,"is_made_in_Home_Country":false,"is_available_for_donations":false},{"attributes":{"list":[]},"picking_actions":[],"units":[{"id":0,"price":1.5900,"retail_price":3.4900,"unit":"kg","min":0.5,"max":4.5,"step":0.5,"defaultValue":0.5,"weightableRatio":2.0},{"id":1,"price":0.79500,"retail_price":1.75,"unit":"vnt.","min":1.0,"max":9.0,"step":1.0,"defaultValue":1.0,"weightableRatio":0.5}],"is_adult":false,"inFavorites":false,"extra":{"is_sellout":true,"discount":0.0,"buy_x_quantity_for_y_price_promo":null,"maxi_pack_price_promo":null,"is_with_card":false,"extra_loyalty_points":null,"is_new":false,"is_top":false,"is_time":null,"is_today":false,"is_gift_available":false,"is_not_available_for_cnc":false,"is_not_available_for_pup":false},"show_promo_label":true,"show_promo_price":true,"giftsCampaignItems":null,"segment_id":null,"id":"000000000000182416","title":"Granatai, 1 kg","category_id":"39b755d4-023b-4142-971b-55c7e8136462","category_name_full_path":"Daržovės ir vaisiai/Vaisiai ir uogos/Egzotiniai vaisiai ","category_path_url":"darzoves-ir-vaisiai/vaisiai-ir-uogos/egzotiniai-vaisiai","root_category_id":"2456a910-eacb-4537-b214-17ed21682888","brand_name":"","brand_id":null,"shopcode":"X500","price":1.5900,"retail_price":3.4900,"image":"https://cdn.barbora.lt/products/53d3babf-a05b-4f4c-b9c1-08ba454231d5_s.png","big_image":"https://cdn.barbora.lt/products/53d3babf-a05b-4f4c-b9c1-08ba454231d5_m.png","comparative_unit":"kg","comparative_unit_price":1.59,"status":"active","GiftsCampaignItems":null,"own_inventory":false,"ShowInOffersTo":"2022-10-31T00:00:00","Url":"granatai-1-kg","ExternalSuppliers":null,"is_made_in_Eu":false,"is_made_in_Home_Country":false,"is_available_for_donations":false},{"attributes":{"list":[],"additional":{"sugar_free":false,"e_free":false,"lactose_free":false,"gluten_free":false,"eco":true,"frozen":false,"is_for_vegetarians":false,"mince":false,"thin_slice":false,"disembowel":false}},"picking_actions":[],"units":[{"id":0,"price":2.7900,"retail_price":5.6500,"unit":"vnt.","min":1.0,"max":4.0,"step":1.0,"defaultValue":1.0}],"is_adult":false,"inFavorites":false,"extra":{"is_sellout":true,"discount":0.0,"buy_x_quantity_for_y_price_promo":null,"maxi_pack_price_promo":null,"is_with_card":false,"extra_loyalty_points":null,"is_new":false,"is_top":false,"is_time":null,"is_today":false,"is_gift_available":false,"is_not_available_for_cnc":false,"is_not_available_for_pup":false},"show_promo_label":true,"show_promo_price":true,"giftsCampaignItems":null,"segment_id":null,"id":"000000000001026643","title":"Ekologiškas agavų sirupas AMRITA, 250 ml","category_id":"4d6bcfb9-81cd-4a5e-8d5f-5f9b184c7bea","category_name_full_path":"Bakalėja/Priedai maistui ruošti/Sirupai","category_path_url":"bakaleja/priedai-maistui-ruosti/sirupai","root_category_id":"acb55842-a24c-44d1-b948-082e2cdb596b","brand_name":"Amrita","brand_id":3031,"shopcode":"X500","price":2.7900,"retail_price":5.6500,"image":"https://cdn.barbora.lt/products/fcd41f1b-b3b1-4cf2-badb-34731687d89d_s.png","big_image":"https://cdn.barbora.lt/products/fcd41f1b-b3b1-4cf2-badb-34731687d89d_m.png","comparative_unit":"l","comparative_unit_price":11.16,"status":"active","GiftsCampaignItems":null,"own_inventory":false,"ShowInOffersTo":"2022-10-31T00:00:00","Url":"ekologiskas-agavu-sirupas-amrita-250-ml","ExternalSuppliers":null,"is_made_in_Eu":true,"is_made_in_Home_Country":false,"is_available_for_donations":false},{"attributes":{"list":[]},"picking_actions":[],"units":[{"id":0,"price":1.3900,"retail_price":2.8500,"unit":"vnt.","min":1.0,"max":2.0,"step":1.0,"defaultValue":1.0}],"is_adult":false,"inFavorites":false,"extra":{"is_sellout":true,"discount":0.0,"buy_x_quantity_for_y_price_promo":null,"maxi_pack_price_promo":null,"is_with_card":false,"extra_loyalty_points":null,"is_new":false,"is_top":false,"is_time":null,"is_today":false,"is_gift_available":false,"is_not_available_for_cnc":false,"is_not_available_for_pup":false},"show_promo_label":true,"show_promo_price":true,"giftsCampaignItems":null,"segment_id":null,"id":"000000000000616494","title":"WC valomieji kubeliai BREF DUO-CUBES, 100 g","category_id":"15ea3fde-6670-4729-a21e-433e39e19943","category_name_full_path":"Švaros ir gyvūnų prekės/Buitinės chemijos prekės/Kietieji WC valikliai - gaivikliai","category_path_url":"svaros-ir-gyvunu-prekes/buitines-chemijos-prekes/kietieji-wc-valikliai--gaivikliai","root_category_id":"a70ae192-1bd4-435f-a809-b54f530b4415","brand_name":"Bref","brand_id":2439,"shopcode":"X500","price":1.3900,"retail_price":2.8500,"image":"https://cdn.barbora.lt/products/2e62efcc-3d0b-47ba-bb60-d57df263bee5_s.png","big_image":"https://cdn.barbora.lt/products/2e62efcc-3d0b-47ba-bb60-d57df263bee5_m.png","comparative_unit":"kg","comparative_unit_price":13.90,"status":"active","GiftsCampaignItems":null,"own_inventory":false,"ShowInOffersTo":"2022-11-09T00:00:00","Url":"wc-valomieji-kubeliai-bref-duo-cubes-100-g","ExternalSuppliers":null,"is_made_in_Eu":false,"is_made_in_Home_Country":false,"is_available_for_donations":false},{"attributes":{"list":[]},"picking_actions":[],"units":[{"id":0,"price":6.9900,"retail_price":13.9900,"unit":"kg","min":2.2,"max":4.5,"step":2.2,"defaultValue":2.2,"weightableRatio":0.4545454545454545454545454545},{"id":1,"price":15.37800,"retail_price":30.78,"unit":"vnt.","min":1.0,"max":2.0,"step":1.0,"defaultValue":1.0,"weightableRatio":2.2}],"is_adult":false,"inFavorites":false,"extra":{"is_sellout":true,"discount":0.0,"buy_x_quantity_for_y_price_promo":null,"maxi_pack_price_promo":null,"is_with_card":false,"extra_loyalty_points":null,"is_new":false,"is_top":false,"is_time":null,"is_today":false,"is_gift_available":false,"is_not_available_for_cnc":false,"is_not_available_for_pup":false},"show_promo_label":true,"show_promo_price":true,"giftsCampaignItems":null,"segment_id":null,"id":"000000000001299199","title":"Lėtai virti marinuoti KREKENAVOS kiaulienos šonkauliai, 1 kg","category_id":"1a1cba9b-7a13-4adf-a67c-e36d653f738e","category_name_full_path":"Mėsa, žuvis ir kulinarija/Šviežios mėsos ir paukštienos pusgaminiai/Marinuota mėsa","category_path_url":"mesa-zuvis-ir-kulinarija/sviezios-mesos-ir-paukstienos-pusgaminiai/marinuota-mesa","root_category_id":"1271e464-f471-4dc6-b286-7ea771a218a8","brand_name":"KREKENAVOS","brand_id":5640,"shopcode":"X500","price":6.9900,"retail_price":13.9900,"image":"https://cdn.barbora.lt/products/326cd3ad-acb6-48a7-aab4-528227d1d7fa_s.png","big_image":"https://cdn.barbora.lt/products/326cd3ad-acb6-48a7-aab4-528227d1d7fa_m.png","comparative_unit":"kg","comparative_unit_price":6.99,"status":"active","GiftsCampaignItems":null,"own_inventory":false,"ShowInOffersTo":"2022-10-31T00:00:00","Url":"letai-virti-marinuoti-krekenavos-kiaulienos-sonkauliai-1-kg","ExternalSuppliers":null,"is_made_in_Eu":false,"is_made_in_Home_Country":false,"is_available_for_donations":false},{"attributes":{"list":[]},"picking_actions":[],"units":[{"id":0,"price":2.1400,"retail_price":4.2900,"unit":"vnt.","min":1.0,"max":4.0,"step":1.0,"defaultValue":1.0}],"is_adult":false,"inFavorites":false,"extra":{"is_sellout":true,"discount":0.0,"buy_x_quantity_for_y_price_promo":null,"maxi_pack_price_promo":null,"is_with_card":false,"extra_loyalty_points":null,"is_new":false,"is_top":false,"is_time":null,"is_today":false,"is_gift_available":false,"is_not_available_for_cnc":false,"is_not_available_for_pup":false},"show_promo_label":true,"show_promo_price":true,"giftsCampaignItems":null,"segment_id":null,"id":"000000000001070478","title":"Šaltai rūkyta GASPADORIAUS skilandinė dešra, a.r., 350 g","category_id":"dde7cb47-db3c-4472-8bb7-ed6c2741a67d","category_name_full_path":"Mėsa, žuvis ir kulinarija/Mėsos ir paukštienos gaminiai/Šaltai rūkytos dešros","category_path_url":"mesa-zuvis-ir-kulinarija/mesos-ir-paukstienos-gaminiai/saltai-rukytos-desros","root_category_id":"1271e464-f471-4dc6-b286-7ea771a218a8","brand_name":"GASPADORIAUS MĖSINĖ","brand_id":3866,"shopcode":"X500","price":2.1400,"retail_price":4.2900,"image":"https://cdn.barbora.lt/products/f217f957-9063-4c10-9015-9738061d88fc_s.png","big_image":"https://cdn.barbora.lt/products/f217f957-9063-4c10-9015-9738061d88fc_m.png","comparative_unit":"kg","comparative_unit_price":6.11,"status":"active","GiftsCampaignItems":null,"own_inventory":false,"ShowInOffersTo":"2022-10-31T00:00:00","Url":"saltai-rukyta-gaspadoriaus-skilandine-desra-a-r-350-g","ExternalSuppliers":null,"is_made_in_Eu":false,"is_made_in_Home_Country":false,"is_available_for_donations":false},{"attributes":{"list":[]},"picking_actions":[],"units":[{"id":0,"price":1.6500,"retail_price":3.2900,"unit":"vnt.","min":1.0,"max":10.0,"step":1.0,"defaultValue":1.0}],"is_adult":false,"inFavorites":false,"extra":{"is_sellout":true,"discount":50.0,"buy_x_quantity_for_y_price_promo":null,"maxi_pack_price_promo":null,"is_with_card":false,"extra_loyalty_points":null,"is_new":false,"is_top":false,"is_time":null,"is_today":false,"is_gift_available":false,"is_not_available_for_cnc":false,"is_not_available_for_pup":false},"show_promo_label":true,"show_promo_price":true,"giftsCampaignItems":null,"segment_id":null,"id":"000000000000163680","title":"Įvairūs pipirai KOTANYI malūnėlyje, 35 g","category_id":"1c0dcece-9749-4f43-9a27-2d4145022c58","category_name_full_path":"Bakalėja/Prieskoniai/Pipirai","category_path_url":"bakaleja/prieskoniai/pipirai","root_category_id":"acb55842-a24c-44d1-b948-082e2cdb596b","brand_name":"Kotányi","brand_id":2526,"shopcode":"X500","price":1.6500,"retail_price":3.2900,"image":"https://cdn.barbora.lt/products/bfda1271-6045-41ba-88e5-a264ea77f161_s.png","big_image":"https://cdn.barbora.lt/products/bfda1271-6045-41ba-88e5-a264ea77f161_m.png","comparative_unit":"kg","comparative_unit_price":47.14,"status":"active","GiftsCampaignItems":null,"own_inventory":false,"ShowInOffersTo":"2022-10-31T00:00:00","Url":"ivairus-pipirai-kotanyi-malunelyje-35-g","ExternalSuppliers":null,"is_made_in_Eu":false,"is_made_in_Home_Country":false,"is_available_for_donations":false},{"attributes":{"list":[]},"picking_actions":[],"units":[{"id":0,"price":1.6500,"retail_price":3.2900,"unit":"vnt.","min":1.0,"max":10.0,"step":1.0,"defaultValue":1.0}],"is_adult":false,"inFavorites":false,"extra":{"is_sellout":true,"discount":50.0,"buy_x_quantity_for_y_price_promo":null,"maxi_pack_price_promo":null,"is_with_card":false,"extra_loyalty_points":null,"is_new":false,"is_top":false,"is_time":null,"is_today":false,"is_gift_available":false,"is_not_available_for_cnc":false,"is_not_available_for_pup":false},"show_promo_label":true,"show_promo_price":true,"giftsCampaignItems":null,"segment_id":null,"id":"000000000000163681","title":"Juodieji pipirai KOTANYI malūnėlyje, 36 g","category_id":"1c0dcece-9749-4f43-9a27-2d4145022c58","category_name_full_path":"Bakalėja/Prieskoniai/Pipirai","category_path_url":"bakaleja/prieskoniai/pipirai","root_category_id":"acb55842-a24c-44d1-b948-082e2cdb596b","brand_name":"Kotányi","brand_id":2526,"shopcode":"X500","price":1.6500,"retail_price":3.2900,"image":"https://cdn.barbora.lt/products/ed44d7f0-1585-4de4-b9ff-52d2046f8f22_s.png","big_image":"https://cdn.barbora.lt/products/ed44d7f0-1585-4de4-b9ff-52d2046f8f22_m.png","comparative_unit":"kg","comparative_unit_price":45.83,"status":"active","GiftsCampaignItems":null,"own_inventory":false,"ShowInOffersTo":"2022-10-31T00:00:00","Url":"juodieji-pipirai-kotanyi-malunelyje-36-g","ExternalSuppliers":null,"is_made_in_Eu":false,"is_made_in_Home_Country":false,"is_available_for_donations":false},{"attributes":{"list":[]},"picking_actions":[],"units":[{"id":0,"price":1.6500,"retail_price":3.2900,"unit":"vnt.","min":1.0,"max":10.0,"step":1.0,"defaultValue":1.0}],"is_adult":false,"inFavorites":false,"extra":{"is_sellout":true,"discount":50.0,"buy_x_quantity_for_y_price_promo":null,"maxi_pack_price_promo":null,"is_with_card":false,"extra_loyalty_points":null,"is_new":false,"is_top":false,"is_time":null,"is_today":false,"is_gift_available":false,"is_not_available_for_cnc":false,"is_not_available_for_pup":false},"show_promo_label":true,"show_promo_price":true,"giftsCampaignItems":null,"segment_id":null,"id":"000000000000907954","title":"Aitriosios paprikos KOTANYI malūnėlyje, 34 g","category_id":"3bd3e2e2-2e49-49c1-9a39-6b140b7bcc6d","category_name_full_path":"Bakalėja/Prieskoniai/Grynieji prieskoniai","category_path_url":"bakaleja/prieskoniai/grynieji-prieskoniai","root_category_id":"acb55842-a24c-44d1-b948-082e2cdb596b","brand_name":"Kotanyi","brand_id":3427,"shopcode":"X500","price":1.6500,"retail_price":3.2900,"image":"https://cdn.barbora.lt/products/a912e1f6-e1ec-429b-bf39-7ba260f0ffc6_s.png","big_image":"https://cdn.barbora.lt/products/a912e1f6-e1ec-429b-bf39-7ba260f0ffc6_m.png","comparative_unit":"kg","comparative_unit_price":48.53,"status":"active","GiftsCampaignItems":null,"own_inventory":false,"ShowInOffersTo":"2022-10-31T00:00:00","Url":"aitriosios-paprikos-kotanyi-malunelyje-34-g","ExternalSuppliers":null,"is_made_in_Eu":false,"is_made_in_Home_Country":false,"is_available_for_donations":false},{"attributes":{"list":[]},"picking_actions":[],"units":[{"id":0,"price":1.4900,"retail_price":2.9900,"unit":"kg","min":2.5,"max":5.0,"step":2.5,"defaultValue":2.5,"weightableRatio":0.4},{"id":1,"price":3.72500,"retail_price":7.48,"unit":"vnt.","min":1.0,"max":2.0,"step":1.0,"defaultValue":1.0,"weightableRatio":2.5}],"is_adult":false,"inFavorites":false,"extra":{"is_sellout":true,"discount":0.0,"buy_x_quantity_for_y_price_promo":null,"maxi_pack_price_promo":null,"is_with_card":false,"extra_loyalty_points":null,"is_new":true,"is_top":false,"is_time":null,"is_today":false,"is_gift_available":false,"is_not_available_for_cnc":false,"is_not_available_for_pup":false},"show_promo_label":true,"show_promo_price":true,"giftsCampaignItems":null,"segment_id":null,"id":"000000000000182318","title":"Didieji greipfrutai POMELO, 1 kg","category_id":"690e3c1b-b177-497d-add3-48b8f7f2c145","category_name_full_path":"Daržovės ir vaisiai/Vaisiai ir uogos/Citrusiniai vaisiai","category_path_url":"darzoves-ir-vaisiai/vaisiai-ir-uogos/citrusiniai-vaisiai","root_category_id":"2456a910-eacb-4537-b214-17ed21682888","brand_name":"","brand_id":null,"shopcode":"X500","price":1.4900,"retail_price":2.9900,"image":"https://cdn.barbora.lt/products/559431d8-0fe8-4ad7-be5c-85559f42bfe4_s.png","big_image":"https://cdn.barbora.lt/products/559431d8-0fe8-4ad7-be5c-85559f42bfe4_m.png","comparative_unit":"kg","comparative_unit_price":1.49,"status":"active","GiftsCampaignItems":null,"own_inventory":false,"ShowInOffersTo":"2022-10-30T00:00:00","Url":"didieji-greipfrutai-pomelo-1-kg","ExternalSuppliers":null,"is_made_in_Eu":false,"is_made_in_Home_Country":false,"is_available_for_donations":false},{"attributes":{"list":[]},"picking_actions":[],"units":[{"id":0,"price":1.2500,"retail_price":2.4900,"unit":"vnt.","min":1.0,"max":10.0,"step":1.0,"defaultValue":1.0}],"is_adult":false,"inFavorites":false,"extra":{"is_sellout":true,"discount":50.0,"buy_x_quantity_for_y_price_promo":null,"maxi_pack_price_promo":null,"is_with_card":false,"extra_loyalty_points":null,"is_new":false,"is_top":false,"is_time":null,"is_today":false,"is_gift_available":false,"is_not_available_for_cnc":false,"is_not_available_for_pup":false},"show_promo_label":true,"show_promo_price":true,"giftsCampaignItems":null,"segment_id":null,"id":"000000000000737225","title":"Šafranas KOTANYI, 12 g","category_id":"3bd3e2e2-2e49-49c1-9a39-6b140b7bcc6d","category_name_full_path":"Bakalėja/Prieskoniai/Grynieji prieskoniai","category_path_url":"bakaleja/prieskoniai/grynieji-prieskoniai","root_category_id":"acb55842-a24c-44d1-b948-082e2cdb596b","brand_name":"Kotányi","brand_id":2526,"shopcode":"X500","price":1.2500,"retail_price":2.4900,"image":"https://cdn.barbora.lt/products/9ce36786-f188-43d7-9b73-eb7f417347b3_s.png","big_image":"https://cdn.barbora.lt/products/9ce36786-f188-43d7-9b73-eb7f417347b3_m.png","comparative_unit":"kg","comparative_unit_price":104.17,"status":"active","GiftsCampaignItems":null,"own_inventory":false,"ShowInOffersTo":"2022-10-31T00:00:00","Url":"safranas-kotanyi-12-g","ExternalSuppliers":null,"is_made_in_Eu":false,"is_made_in_Home_Country":false,"is_available_for_donations":false},{"attributes":{"list":[]},"picking_actions":[],"units":[{"id":0,"price":0.8000,"retail_price":1.5900,"unit":"vnt.","min":1.0,"max":10.0,"step":1.0,"defaultValue":1.0}],"is_adult":false,"inFavorites":false,"extra":{"is_sellout":true,"discount":50.0,"buy_x_quantity_for_y_price_promo":null,"maxi_pack_price_promo":null,"is_with_card":false,"extra_loyalty_points":null,"is_new":false,"is_top":false,"is_time":null,"is_today":false,"is_gift_available":false,"is_not_available_for_cnc":false,"is_not_available_for_pup":false},"show_promo_label":true,"show_promo_price":true,"giftsCampaignItems":null,"segment_id":null,"id":"000000000000545842","title":"Cinamono lazdelės KOTANYI, 17 g","category_id":"3bd3e2e2-2e49-49c1-9a39-6b140b7bcc6d","category_name_full_path":"Bakalėja/Prieskoniai/Grynieji prieskoniai","category_path_url":"bakaleja/prieskoniai/grynieji-prieskoniai","root_category_id":"acb55842-a24c-44d1-b948-082e2cdb596b","brand_name":"Kotányi","brand_id":2526,"shopcode":"X500","price":0.8000,"retail_price":1.5900,"image":"https://cdn.barbora.lt/products/a7fcc006-04ba-40cc-bd4d-820a88940e10_s.png","big_image":"https://cdn.barbora.lt/products/a7fcc006-04ba-40cc-bd4d-820a88940e10_m.png","comparative_unit":"kg","comparative_unit_price":47.06,"status":"active","GiftsCampaignItems":null,"own_inventory":false,"ShowInOffersTo":"2022-10-31T00:00:00","Url":"cinamono-lazdeles-kotanyi-17-g","ExternalSuppliers":null,"is_made_in_Eu":false,"is_made_in_Home_Country":false,"is_available_for_donations":false}];
    var productListingSourceName = 'Pagrindinis puslapis';
    var productSectionName = 'Rekomenduojamos akcijos';

    var productsWithListAndPositionForAnalytics =
        products === undefined
            ? []
            : products.map(function (product, index) {
                product.product_position_in_list = index;
                product.list = productListingSourceName;
                product.sectionName = productSectionName;
                return product;
            });

    window.reportUserActionToThirdParty("impression", productsWithListAndPositionForAnalytics);
</script>
</div>

                                
<div class="b-product-section--overlay-background">
    <button class="b-product-section--show-more" data-items-load="5">
        <div class="b-product-section--show-more-inner">
            <svg
    class="b-icon"
    
    style="width: 1em; height: 1em;" 
>
    <use xlink:href="#plus-bold"></use>
</svg>
            Žiūrėti daugiau
        </div>
    </button>
</div>
<div class="b-current-index" style="display:none">5</div>


                            </div>
                        </section>

                        <div id="b-home-recipes--placeholder"></div>

                            <section class="b-home--campaign-banners--section">
                                <div class="b-section--heading">
                                    <h2 class="b-section--title">Barboros bendruomenė</h2>
                                </div>

                                <div class="b-home--campaign-banners--wrap">
                                    <div key={banner.id} class="b-home--campaign-banners--banner-wrap">
                                        


    <div class="banner-wrapper">
            <a href="https://balsuok.barbora.lt/" target="_blank" class="b-internal-promo-link">
                <img src="https://cdn.barbora.lt/banners/12776405-1cea-4c96-8255-ef3128d138fc.jpeg" alt="balsuok"  loading="lazy" data-b-internal-promo-meta='{"id": "7d1cfc96-47d1-4242-90d3-7a742dd3e80d", "name": "balsuok", "position": &quot;Pagrindinis puslapis skydelių karuselė&quot;}' />
            </a>
    </div>

                                    </div>                                    <div key={banner.id} class="b-home--campaign-banners--banner-wrap">
                                        


    <div class="banner-wrapper">
            <a href="https://barbora-adresai.barbora.lt/" target="_blank" class="b-internal-promo-link">
                <img src="https://cdn.barbora.lt/banners/3a2439bc-c8f5-4cdb-9e0c-4ffe5d8847bc.jpeg" alt="adresai"  loading="lazy" data-b-internal-promo-meta='{"id": "457e81b1-5e96-49e6-b063-1be049af73eb", "name": "adresai", "position": &quot;Pagrindinis puslapis skydelių karuselė&quot;}' />
            </a>
    </div>

                                    </div>                                </div>
                            </section>
                </div>
            </div>

    </div>
</div>
                    </div>
                </div>
            </div>

                <div class="b-footer--placeholder"></div>
        </div>
    </div>

    


<div class="b-mobile-menu">
    <div class="b-mobile-menu--top">

        <div class="b-mobile-menu--top--action-wrap">
            <div class="b-header-language--placeholder"></div>
        </div>
        <div class="b-mobile-menu--top--action-wrap">
            <div class="b-help-btn--placeholder"></div>
        </div>
    </div>
    <div class="b-mobile-menu--middle">
        <div class="b-minimenu">

                    <a href="/" class="b-minimenu--link b-minimenu--link-active">Prekės</a>


                    <a href="/mano-prekes" class="b-minimenu--link">Mano prekės</a>


                    <a href="/akcijos" class="b-minimenu--link">Akcijos</a>


        <a href="/eko" class="b-minimenu--link">Eko ir ūkis</a>
                    <a href="/naujienos" class="b-minimenu--link">Naujienos</a>

        <a href="/parduotuves/gera-kaina" class="b-minimenu--link">Gera kaina</a>

        <a href="/receptai" class="b-minimenu--link">Receptai</a>
                    </div>
    </div>
    <div class="b-mobile-menu--bottom">
        <a href="" class="b-mobile-app-download-link" style="display:none;"><svg
    class="b-icon"
    
    style="" 
>
    <use xlink:href="#person"></use>
</svg> Parsisiųsti programėlę</a>
    </div>
</div>

    <div id="modal-placeholder"></div>
<div id="sub-modal-placeholder"></div>








    <script type="text/javascript">
        //Check if user uses IE browser
        var isIE = /MSIE|Trident/.test(window.navigator.userAgent);
        if (isIE) {
            document.querySelector(".b-ie-warning").style.display = "block";
        }
    </script>

    


<script type="text/javascript" onerror="showNetworkErrorAlert()">
        function initSentry() {
        var isDebug = "True".toLowerCase() === "true";

        Sentry.init({
        dsn: "https://65b4c1d2d753450c80d1112dad7f5218@sentry.barbora.lt/52",
        release: "174.3247",
        environment: "PRD",
        logger: "EShop.Client-JavaScript",
        ignoreUrls: [],
        captureUnhandledRejections: false, //ignore UnhandledRejection errors
        debug: isDebug
        });

        var userId = "";
        if (userId.length > 0) {
        Sentry.configureScope(function (scope) {
        scope.setUser({ "id": userId });
        });
        }

        //Sentry.captureException(new Error("Test error to catch"));
        }
</script>
<script src="https://browser.sentry-cdn.com/5.1.1/bundle.min.js" crossorigin="anonymous" onload="initSentry()" onerror="shownetworkerroralert()"></script>


    <script type="text/javascript" src="/Assets/Libraries/markerclusterer.min.js"></script>

    <script type="text/javascript" src="https://cdnjs.cloudflare.com/ajax/libs/core-js/2.6.11/core.js"></script>
    <script type="text/javascript" src="/Assets/Libraries/jquery-2.2.0.js"></script>


    




<script type="text/javascript">
    window.b_categories = {"categories":[{"id":"2456a910-eacb-4537-b214-17ed21682888","title":"Daržovės ir vaisiai","product_count":308,"children_count":3,"BannerModel":null,"category_code":"2456a910-eacb-4537-b214-17ed21682888","rootCategory":"2456a910-eacb-4537-b214-17ed21682888","products":[],"url":"darzoves-ir-vaisiai","url_parent":"","url_root":"","icon_name":"tomato","inventory_group_tag":null,"RootCategoryProducts":null},{"id":"4285f7d7-5d92-4eb2-a85c-4772fed50091","title":"Pieno gaminiai ir kiaušiniai","product_count":1111,"children_count":10,"BannerModel":null,"category_code":"2. Pieno gaminiai, kiaušiniai","rootCategory":"4285f7d7-5d92-4eb2-a85c-4772fed50091","products":[],"url":"pieno-gaminiai-ir-kiausiniai","url_parent":"","url_root":"","icon_name":"cheese2","inventory_group_tag":null,"RootCategoryProducts":null},{"id":"770818ff-4c23-42f6-a00a-e7f58add4a10","title":"Duonos gaminiai ir konditerija","product_count":431,"children_count":7,"BannerModel":null,"category_code":"3. Duonos gaminiai ir konditerija","rootCategory":"770818ff-4c23-42f6-a00a-e7f58add4a10","products":[],"url":"duonos-gaminiai-ir-konditerija","url_parent":"","url_root":"","icon_name":"bread2","inventory_group_tag":null,"RootCategoryProducts":null},{"id":"1271e464-f471-4dc6-b286-7ea771a218a8","title":"Mėsa, žuvis ir kulinarija","product_count":1242,"children_count":7,"banner":"https://cdn.barbora.lt/banners/bb0d3b24-3753-470c-b7a0-887446197098.jpeg","bannerUrl":"nematekasmazyliu","externalResourceUrl":"","BannerModel":{"id":"9e486129-1745-496b-ae37-42bd97ec95ae","imgId":"d224d8a0-257f-4d9f-aa74-8d8898156f33","banner_category_id":"1271e464-f471-4dc6-b286-7ea771a218a8","no_action":false,"name":"kat_nematekomažylių","img":"https://cdn.barbora.lt/banners/bb0d3b24-3753-470c-b7a0-887446197098.jpeg","url":"nematekasmazyliu","externalResourceUrl":"","UseForSubCategory":true,"urlType":7,"sequenceNo":30},"category_code":"4. Mėsa, žuvys, kulinarija","rootCategory":"1271e464-f471-4dc6-b286-7ea771a218a8","products":[],"url":"mesa-zuvys-ir-kulinarija","url_parent":"","url_root":"","icon_name":"steakMeat2","inventory_group_tag":null,"RootCategoryProducts":null},{"id":"acb55842-a24c-44d1-b948-082e2cdb596b","title":"Bakalėja","product_count":4772,"children_count":21,"banner":"https://cdn.barbora.lt/banners/eff1b362-2622-4bcc-b0a1-b8ecf5a5ffac.jpeg","bannerUrl":"lor","externalResourceUrl":"","BannerModel":{"id":"0b0167f8-bbc2-4fa1-830b-f47b805d1baa","imgId":"5a9967e9-79f2-4108-8e85-f0b07aeb2283","banner_category_id":"acb55842-a24c-44d1-b948-082e2cdb596b","no_action":false,"name":"L'OR kategorija LT","img":"https://cdn.barbora.lt/banners/eff1b362-2622-4bcc-b0a1-b8ecf5a5ffac.jpeg","url":"lor","externalResourceUrl":"","UseForSubCategory":true,"urlType":7,"sequenceNo":54},"category_code":"5. Bakalėja","rootCategory":"acb55842-a24c-44d1-b948-082e2cdb596b","products":[],"url":"bakaleja","url_parent":"","url_root":"","icon_name":"bowlAndChopstick","inventory_group_tag":null,"RootCategoryProducts":null},{"id":"c62fbd14-edaa-47f6-8e7e-56ccefe4e5c9","title":"Šaldytas maistas","product_count":579,"children_count":5,"BannerModel":null,"category_code":"6. Šaldytas maistas","rootCategory":"c62fbd14-edaa-47f6-8e7e-56ccefe4e5c9","products":[],"url":"saldytas-maistas","url_parent":"","url_root":"","icon_name":"iceCream2","inventory_group_tag":null,"RootCategoryProducts":null},{"id":"3e2e66e1-88c3-48df-b8c2-f444618991e4","title":"Gėrimai","product_count":1481,"children_count":9,"banner":"https://cdn.barbora.lt/banners/76e5cefc-0ecd-4ee4-941b-06c61c3b5459.jpeg","bannerUrl":"battery","externalResourceUrl":"","BannerModel":{"id":"95ad6ad5-7372-42a7-b8a4-5da474fda817","imgId":"a74b3a18-da15-4b13-8f11-3af839e6b071","banner_category_id":"3e2e66e1-88c3-48df-b8c2-f444618991e4","no_action":false,"name":"Kategorija_battery","img":"https://cdn.barbora.lt/banners/76e5cefc-0ecd-4ee4-941b-06c61c3b5459.jpeg","url":"battery","externalResourceUrl":"","UseForSubCategory":false,"urlType":7,"sequenceNo":42},"category_code":"3e2e66e1-88c3-48df-b8c2-f444618991e4","rootCategory":"3e2e66e1-88c3-48df-b8c2-f444618991e4","products":[],"url":"gerimai","url_parent":"","url_root":"","icon_name":null,"inventory_group_tag":null,"RootCategoryProducts":null},{"id":"850717a1-fa2c-4b5f-a8f7-bae8bf068f7e","title":"Kūdikių ir vaikų prekės","product_count":1092,"children_count":10,"BannerModel":null,"category_code":"8. Kūdikių ir vaikų prekės","rootCategory":"850717a1-fa2c-4b5f-a8f7-bae8bf068f7e","products":[],"url":"kudikiu-ir-vaiku-prekes","url_parent":"","url_root":"","icon_name":"babyHead","inventory_group_tag":null,"RootCategoryProducts":null},{"id":"5ebed6d5-9f7d-4ddf-a5bf-ab5692ae5d54","title":"Kosmetika ir higiena","product_count":2801,"children_count":12,"BannerModel":null,"category_code":"9. Kosmetika ir higiena","rootCategory":"5ebed6d5-9f7d-4ddf-a5bf-ab5692ae5d54","products":[],"url":"kosmetika-ir-higiena","url_parent":"","url_root":"","icon_name":"toiletPaper","inventory_group_tag":null,"RootCategoryProducts":null},{"id":"a70ae192-1bd4-435f-a809-b54f530b4415","title":"Švaros ir gyvūnų prekės","product_count":1521,"children_count":6,"BannerModel":null,"category_code":"a70ae192-1bd4-435f-a809-b54f530b4415","rootCategory":"a70ae192-1bd4-435f-a809-b54f530b4415","products":[],"url":"svaros-ir-gyvunu-prekes","url_parent":"","url_root":"","icon_name":"sprayBottle","inventory_group_tag":null,"RootCategoryProducts":null},{"id":"7ed46c37-03a7-47d5-ae60-85c6c6aaddd5","title":"Namai ir laisvalaikis","product_count":2332,"children_count":12,"BannerModel":null,"category_code":"7ed46c37-03a7-47d5-ae60-85c6c6aaddd5","rootCategory":"7ed46c37-03a7-47d5-ae60-85c6c6aaddd5","products":[],"url":"namai-ir-laisvalaikis","url_parent":"","url_root":"","icon_name":null,"inventory_group_tag":null,"RootCategoryProducts":null}]};
    window.b_cart = null;
</script>

    
    


        <script type="text/javascript" src="/Assets/Scripts/build/main.concat.js?v=174.3247" onerror="showNetworkErrorAlert()"></script>

    
    
    
    
    
    

    
    <script type="text/javascript">
            const omnisendLongKeyStr = "5fb50b2a4c7fa41a08d61946-tBnPOK4pMfxkCLoR3UIz2zsTjBsE2d2rnlxwHnYMMgTZwnUJL7";
            if (omnisendLongKeyStr !== "")
            {
                var omnisendShortKeyStr = omnisendLongKeyStr.split('-')[0];
                window.omnisend = window.omnisend || [];
                omnisend.push(["accountID", omnisendShortKeyStr]);
                omnisend.push(["track", "$pageViewed"]);
                !function () { var e = document.createElement("script"); e.type = "text/javascript", e.async = !0, e.src = "https://omnisrc.com/inshop/launcher-v2.js"; var t = document.getElementsByTagName("script")[0]; t.parentNode.insertBefore(e, t) }();
            }
    </script>


    

</body>
</html>
<script id="f5_cspm">(function(){var f5_cspm={f5_p:'NJILFLJGGLJDCDGIBDPGEOGJDKFPAEHHINNNKLHPGLHBCGABFCKNOKDJKLLAGFHJLIMBEELIAAJJLABAFGBAFGEIAAPNPHFFMCOAPEOIPDJBJJCOKOAOECCNBEOIJFKG',setCharAt:function(str,index,chr){if(index>str.length-1)return str;return str.substr(0,index)+chr+str.substr(index+1);},get_byte:function(str,i){var s=(i/16)|0;i=(i&15);s=s*32;return((str.charCodeAt(i+16+s)-65)<<4)|(str.charCodeAt(i+s)-65);},set_byte:function(str,i,b){var s=(i/16)|0;i=(i&15);s=s*32;str=f5_cspm.setCharAt(str,(i+16+s),String.fromCharCode((b>>4)+65));str=f5_cspm.setCharAt(str,(i+s),String.fromCharCode((b&15)+65));return str;},set_latency:function(str,latency){latency=latency&0xffff;str=f5_cspm.set_byte(str,40,(latency>>8));str=f5_cspm.set_byte(str,41,(latency&0xff));str=f5_cspm.set_byte(str,35,2);return str;},wait_perf_data:function(){try{var wp=window.performance.timing;if(wp.loadEventEnd>0){var res=wp.loadEventEnd-wp.navigationStart;if(res<60001){var cookie_val=f5_cspm.set_latency(f5_cspm.f5_p,res);window.document.cookie='f5avr0706504265aaaaaaaaaaaaaaaa_cspm_='+encodeURIComponent(cookie_val)+';path=/';}
return;}}
catch(err){return;}
setTimeout(f5_cspm.wait_perf_data,100);return;},go:function(){var chunk=window.document.cookie.split(/\s*;\s*/);for(var i=0;i<chunk.length;++i){var pair=chunk[i].split(/\s*=\s*/);if(pair[0]=='f5_cspm'&&pair[1]=='1234')
{var d=new Date();d.setTime(d.getTime()-1000);window.document.cookie='f5_cspm=;expires='+d.toUTCString()+';path=/;';setTimeout(f5_cspm.wait_perf_data,100);}}}}
f5_cspm.go();}());</script>