[
    {
        "attributes": {
            "list": []
        },
        "picking_actions": [],
        "units": [
            {
                "id": 0,
                "price": 3.49,
                "unit": "kg",
                "min": 0.15,
                "max": 5,
                "step": 0.15,
                "defaultValue": 0.15,
                "weightableRatio": 6.666666666666667
            },
            {
                "id": 1,
                "price": 0.5235,
                "unit": "vnt.",
                "min": 1,
                "max": 33,
                "step": 1,
                "defaultValue": 1,
                "weightableRatio": 0.15
            }
        ],
        "is_adult": false,
        "inFavorites": false,
        "show_promo_label": true,
        "show_promo_price": true,
        "giftsCampaignItems": null,
        "segment_id": null,
        "id": "000000000000181265",
        "title": "Slyviniai pomidorai (57-67 mm), 1 kg",
        "category_id": "04005a5f-97ea-403c-9d25-881915e200f3",
        "category_name_full_path": "Daržovės ir vaisiai/Daržovės/Pomidorai ir agurkai",
        "category_path_url": 
"darzoves-ir-vaisiai/darzoves/pomidorai-ir-agurkai",
        "root_category_id": "2456a910-eacb-4537-b214-17ed21682888",
        "brand_name": "",
        "brand_id": null,
        "shopcode": "X500",
        "price": 3.49,
        "image": 
"https://cdn.barbora.lt/products/7012d88a-73ed-4e36-9c7c-18ef3ed440d6_s.png",
        "big_image": 
"https://cdn.barbora.lt/products/7012d88a-73ed-4e36-9c7c-18ef3ed440d6_m.png",
        "comparative_unit": "kg",
        "comparative_unit_price": 3.49,
        "status": "active",
        "GiftsCampaignItems": null,
        "own_inventory": false,
        "ShowInOffersTo": null,
        "Url": "slyviniai-pomidorai-57-67-mm-1-kg",
        "ExternalSuppliers": null,
        "is_made_in_Eu": false,
        "is_made_in_Home_Country": false,
        "is_available_for_donations": false
    },
    {
        "attributes": {
            "list": []
        },
        "picking_actions": [],
        "units": [
            {
                "id": 0,
                "price": 2.29,
                "unit": "vnt.",
                "min": 1,
                "max": 4,
                "step": 1,
                "defaultValue": 1
            }
        ],
        "is_adult": false,
        "inFavorites": false,
        "show_promo_label": true,
        "show_promo_price": true,
        "giftsCampaignItems": null,
        "segment_id": null,
        "id": "000000000001096347",
        "title": "Pomidorai avietiniai(ind.450g), 450 g",
        "category_id": "04005a5f-97ea-403c-9d25-881915e200f3",
        "category_name_full_path": "Daržovės ir vaisiai/Daržovės/Pomidorai 
ir agurkai",
        "category_path_url": 
"darzoves-ir-vaisiai/darzoves/pomidorai-ir-agurkai",
        "root_category_id": "2456a910-eacb-4537-b214-17ed21682888",
        "brand_name": "Kietaviškių",
        "brand_id": 3996,
        "shopcode": "X500",
        "price": 2.29,
        "image": 
"https://cdn.barbora.lt/products/7d9b4048-488a-4fe7-9082-d594fbe290c2_s.png",
        "big_image": 
"https://cdn.barbora.lt/products/7d9b4048-488a-4fe7-9082-d594fbe290c2_m.png",
        "comparative_unit": "kg",
        "comparative_unit_price": 5.09,
        "status": "active",
        "GiftsCampaignItems": null,
        "own_inventory": false,
        "ShowInOffersTo": null,
        "Url": "pomidorai-avietiniai-ind-450-g-450-g",
        "ExternalSuppliers": null,
        "is_made_in_Eu": false,
        "is_made_in_Home_Country": false,
        "is_available_for_donations": false
    },
    {
        "attributes": {
            "list": []
        },
        "picking_actions": [],
        "units": [
            {
                "id": 0,
                "price": 1.39,
                "unit": "vnt.",
                "min": 1,
                "max": 6,
                "step": 1,
                "defaultValue": 1
            }
        ],
        "is_adult": false,
        "inFavorites": false,
        "show_promo_label": true,
        "show_promo_price": true,
        "giftsCampaignItems": null,
        "segment_id": null,
        "id": "000000000000509531",
        "title": "Smulkiavaisiai slyviniai pomidorai, 250 g",
        "category_id": "04005a5f-97ea-403c-9d25-881915e200f3",
        "category_name_full_path": "Daržovės ir vaisiai/Daržovės/Pomidorai 
ir agurkai",
        "category_path_url": 
"darzoves-ir-vaisiai/darzoves/pomidorai-ir-agurkai",
        "root_category_id": "2456a910-eacb-4537-b214-17ed21682888",
        "brand_name": "",
        "brand_id": null,
        "shopcode": "X500",
        "price": 1.39,
        "image": 
"https://cdn.barbora.lt/products/4c05a711-d08c-472d-b36b-8edf0e660c97_s.png",
        "big_image": 
"https://cdn.barbora.lt/products/4c05a711-d08c-472d-b36b-8edf0e660c97_m.png",
        "comparative_unit": "kg",
        "comparative_unit_price": 5.56,
        "status": "active",
        "GiftsCampaignItems": null,
        "own_inventory": false,
        "ShowInOffersTo": null,
        "Url": "smulkiavaisiai-slyviniai-pomidorai-250-g",
        "ExternalSuppliers": null,
        "is_made_in_Eu": false,
        "is_made_in_Home_Country": false,
        "is_available_for_donations": false
    },
    {
        "attributes": {
            "list": []
        },
        "picking_actions": [],
        "units": [
            {
                "id": 0,
                "price": 1.89,
                "retail_price": 2.79,
                "unit": "kg",
                "min": 0.16,
                "max": 4,
                "step": 0.16,
                "defaultValue": 0.16,
                "weightableRatio": 6.25
            },
            {
                "id": 1,
                "price": 0.3024,
                "retail_price": 0.45,
                "unit": "vnt.",
                "min": 1,
                "max": 25,
                "step": 1,
                "defaultValue": 1,
                "weightableRatio": 0.16
            }
        ],
        "is_adult": false,
        "inFavorites": false,
        "extra": {
            "is_sellout": true,
            "discount": 0,
            "buy_x_quantity_for_y_price_promo": null,
            "maxi_pack_price_promo": null,
            "is_with_card": false,
            "extra_loyalty_points": null,
            "is_new": false,
            "is_top": false,
            "is_time": null,
            "is_today": false,
            "is_gift_available": false,
            "is_not_available_for_cnc": false,
            "is_not_available_for_pup": false
        },
        "show_promo_label": true,
        "show_promo_price": true,
        "giftsCampaignItems": null,
        "segment_id": null,
        "id": "000000000000791376",
        "title": "Avietiniai pomidorai, 1 kg",
        "category_id": "04005a5f-97ea-403c-9d25-881915e200f3",
        "category_name_full_path": "Daržovės ir vaisiai/Daržovės/Pomidorai 
ir agurkai",
        "category_path_url": 
"darzoves-ir-vaisiai/darzoves/pomidorai-ir-agurkai",
        "root_category_id": "2456a910-eacb-4537-b214-17ed21682888",
        "brand_name": "",
        "brand_id": null,
        "shopcode": "X500",
        "price": 1.89,
        "retail_price": 2.79,
        "image": 
"https://cdn.barbora.lt/products/821f1b70-b3a8-4f75-b10b-656375b947bd_s.png",
        "big_image": 
"https://cdn.barbora.lt/products/821f1b70-b3a8-4f75-b10b-656375b947bd_m.png",
        "comparative_unit": "kg",
        "comparative_unit_price": 1.89,
        "status": "active",
        "GiftsCampaignItems": null,
        "own_inventory": false,
        "ShowInOffersTo": "2022-10-31T00:00:00",
        "Url": "avietiniai-pomidorai-1-kg",
        "ExternalSuppliers": null,
        "is_made_in_Eu": false,
        "is_made_in_Home_Country": false,
        "is_available_for_donations": false
    },
    {
        "attributes": {
            "list": []
        },
        "picking_actions": [],
        "units": [
            {
                "id": 0,
                "price": 2.49,
                "unit": "vnt.",
                "min": 1,
                "max": 4,
                "step": 1,
                "defaultValue": 1
            }
        ],
        "is_adult": false,
        "inFavorites": false,
        "show_promo_label": true,
        "show_promo_price": true,
        "giftsCampaignItems": null,
        "segment_id": null,
        "id": "000000000000181281",
        "title": "Smulkiavaisiai pomidorai STRABENA, 300 g",
        "category_id": "04005a5f-97ea-403c-9d25-881915e200f3",
        "category_name_full_path": "Daržovės ir vaisiai/Daržovės/Pomidorai 
ir agurkai",
        "category_path_url": 
"darzoves-ir-vaisiai/darzoves/pomidorai-ir-agurkai",
        "root_category_id": "2456a910-eacb-4537-b214-17ed21682888",
        "brand_name": "SUNSTREAM",
        "brand_id": 3995,
        "shopcode": "X500",
        "price": 2.49,
        "image": 
"https://cdn.barbora.lt/products/923984ef-a2c9-4d77-8346-20038649d1ed_s.png",
        "big_image": 
"https://cdn.barbora.lt/products/923984ef-a2c9-4d77-8346-20038649d1ed_m.png",
        "comparative_unit": "kg",
        "comparative_unit_price": 8.3,
        "status": "active",
        "GiftsCampaignItems": null,
        "own_inventory": false,
        "ShowInOffersTo": null,
        "Url": "smulkiavaisiai-pomidorai-strabena-300-g",
        "ExternalSuppliers": null,
        "is_made_in_Eu": false,
        "is_made_in_Home_Country": false,
        "is_available_for_donations": false
    },
    {
        "attributes": {
            "list": []
        },
        "picking_actions": [],
        "units": [
            {
                "id": 0,
                "price": 1.99,
                "unit": "vnt.",
                "min": 1,
                "max": 4,
                "step": 1,
                "defaultValue": 1
            }
        ],
        "is_adult": false,
        "inFavorites": false,
        "show_promo_label": true,
        "show_promo_price": true,
        "giftsCampaignItems": null,
        "segment_id": null,
        "id": "000000000001090737",
        "title": "Ilgavaisis agurkas, 220 g",
        "category_id": "04005a5f-97ea-403c-9d25-881915e200f3",
        "category_name_full_path": "Daržovės ir vaisiai/Daržovės/Pomidorai 
ir agurkai",
        "category_path_url": 
"darzoves-ir-vaisiai/darzoves/pomidorai-ir-agurkai",
        "root_category_id": "2456a910-eacb-4537-b214-17ed21682888",
        "brand_name": "",
        "brand_id": null,
        "shopcode": "X500",
        "price": 1.99,
        "image": 
"https://cdn.barbora.lt/products/5ed5b613-cd2f-4adf-9bc1-c56707754635_s.png",
        "big_image": 
"https://cdn.barbora.lt/products/5ed5b613-cd2f-4adf-9bc1-c56707754635_m.png",
        "comparative_unit": "kg",
        "comparative_unit_price": 9.05,
        "status": "active",
        "GiftsCampaignItems": null,
        "own_inventory": false,
        "ShowInOffersTo": null,
        "Url": "ilgavaisis-agurkas-220-g",
        "ExternalSuppliers": null,
        "is_made_in_Eu": false,
        "is_made_in_Home_Country": false,
        "is_available_for_donations": false
    },
    {
        "attributes": {
            "list": []
        },
        "picking_actions": [],
        "units": [
            {
                "id": 0,
                "price": 2.99,
                "unit": "kg",
                "min": 0.13,
                "max": 5,
                "step": 0.13,
                "defaultValue": 0.13,
                "weightableRatio": 7.6923076923076925
            },
            {
                "id": 1,
                "price": 0.3887,
                "unit": "vnt.",
                "min": 1,
                "max": 38,
                "step": 1,
                "defaultValue": 1,
                "weightableRatio": 0.13
            }
        ],
        "is_adult": false,
        "inFavorites": false,
        "show_promo_label": true,
        "show_promo_price": true,
        "giftsCampaignItems": null,
        "segment_id": null,
        "id": "000000000000181270",
        "title": "Lietuviški pomidorai, 1 kg",
        "category_id": "04005a5f-97ea-403c-9d25-881915e200f3",
        "category_name_full_path": "Daržovės ir vaisiai/Daržovės/Pomidorai 
ir agurkai",
        "category_path_url": 
"darzoves-ir-vaisiai/darzoves/pomidorai-ir-agurkai",
        "root_category_id": "2456a910-eacb-4537-b214-17ed21682888",
        "brand_name": "",
        "brand_id": null,
        "shopcode": "X500",
        "price": 2.99,
        "image": 
"https://cdn.barbora.lt/products/6f611ecc-bd9c-460e-b12c-1810c9c6e5a3_s.png",
        "big_image": 
"https://cdn.barbora.lt/products/6f611ecc-bd9c-460e-b12c-1810c9c6e5a3_m.png",
        "comparative_unit": "kg",
        "comparative_unit_price": 2.99,
        "status": "active",
        "GiftsCampaignItems": null,
        "own_inventory": false,
        "ShowInOffersTo": null,
        "Url": "lietuviski-pomidorai-1-kg",
        "ExternalSuppliers": null,
        "is_made_in_Eu": false,
        "is_made_in_Home_Country": false,
        "is_available_for_donations": false
    },
    {
        "attributes": {
            "list": []
        },
        "picking_actions": [],
        "units": [
            {
                "id": 0,
                "price": 3.89,
                "unit": "kg",
                "min": 0.4,
                "max": 5,
                "step": 0.4,
                "defaultValue": 0.4,
                "weightableRatio": 2.5
            },
            {
                "id": 1,
                "price": 1.556,
                "unit": "vnt.",
                "min": 1,
                "max": 12,
                "step": 1,
                "defaultValue": 1,
                "weightableRatio": 0.4
            }
        ],
        "is_adult": false,
        "inFavorites": false,
        "show_promo_label": true,
        "show_promo_price": true,
        "giftsCampaignItems": null,
        "segment_id": null,
        "id": "000000000000322051",
        "title": "Lietuviški ilgavaisiai agurkai, 1 kg",
        "category_id": "04005a5f-97ea-403c-9d25-881915e200f3",
        "category_name_full_path": "Daržovės ir vaisiai/Daržovės/Pomidorai 
ir agurkai",
        "category_path_url": 
"darzoves-ir-vaisiai/darzoves/pomidorai-ir-agurkai",
        "root_category_id": "2456a910-eacb-4537-b214-17ed21682888",
        "brand_name": "",
        "brand_id": null,
        "shopcode": "X500",
        "price": 3.89,
        "image": 
"https://cdn.barbora.lt/products/72bba58c-04b7-45f9-8aa2-22207468afd2_s.png",
        "big_image": 
"https://cdn.barbora.lt/products/72bba58c-04b7-45f9-8aa2-22207468afd2_m.png",
        "comparative_unit": "kg",
        "comparative_unit_price": 3.89,
        "status": "active",
        "GiftsCampaignItems": null,
        "own_inventory": false,
        "ShowInOffersTo": null,
        "Url": "lietuviski-ilgavaisiai-agurkai-1-kg",
        "ExternalSuppliers": null,
        "is_made_in_Eu": false,
        "is_made_in_Home_Country": false,
        "is_available_for_donations": false
    },
    {
        "attributes": {
            "list": []
        },
        "picking_actions": [],
        "units": [
            {
                "id": 0,
                "price": 2.99,
                "unit": "kg",
                "min": 0.45,
                "max": 5,
                "step": 0.45,
                "defaultValue": 0.45,
                "weightableRatio": 2.2222222222222223
            },
            {
                "id": 1,
                "price": 1.3455,
                "unit": "vnt.",
                "min": 1,
                "max": 11,
                "step": 1,
                "defaultValue": 1,
                "weightableRatio": 0.45
            }
        ],
        "is_adult": false,
        "inFavorites": false,
        "extra": {
            "is_sellout": false,
            "discount": 0,
            "buy_x_quantity_for_y_price_promo": null,
            "maxi_pack_price_promo": null,
            "is_with_card": false,
            "extra_loyalty_points": null,
            "is_new": true,
            "is_top": false,
            "is_time": null,
            "is_today": false,
            "is_gift_available": false,
            "is_not_available_for_cnc": false,
            "is_not_available_for_pup": false
        },
        "show_promo_label": true,
        "show_promo_price": true,
        "giftsCampaignItems": null,
        "segment_id": null,
        "id": "000000000000181217",
        "title": "Ilgavaisiai agurkai, 1 kg",
        "category_id": "04005a5f-97ea-403c-9d25-881915e200f3",
        "category_name_full_path": "Daržovės ir vaisiai/Daržovės/Pomidorai 
ir agurkai",
        "category_path_url": 
"darzoves-ir-vaisiai/darzoves/pomidorai-ir-agurkai",
        "root_category_id": "2456a910-eacb-4537-b214-17ed21682888",
        "brand_name": "",
        "brand_id": null,
        "shopcode": "X500",
        "price": 2.99,
        "image": 
"https://cdn.barbora.lt/products/ca50a022-6194-4bdb-b7b1-c2cb53592175_s.png",
        "big_image": 
"https://cdn.barbora.lt/products/ca50a022-6194-4bdb-b7b1-c2cb53592175_m.png",
        "comparative_unit": "kg",
        "comparative_unit_price": 2.99,
        "status": "active",
        "GiftsCampaignItems": null,
        "own_inventory": false,
        "ShowInOffersTo": null,
        "Url": "ilgavaisiai-agurkai-1-kg",
        "ExternalSuppliers": null,
        "is_made_in_Eu": false,
        "is_made_in_Home_Country": false,
        "is_available_for_donations": false
    },
    {
        "attributes": {
            "list": []
        },
        "picking_actions": [],
        "units": [
            {
                "id": 0,
                "price": 2.49,
                "unit": "vnt.",
                "min": 1,
                "max": 3,
                "step": 1,
                "defaultValue": 1
            }
        ],
        "is_adult": false,
        "inFavorites": false,
        "show_promo_label": true,
        "show_promo_price": true,
        "giftsCampaignItems": null,
        "segment_id": null,
        "id": "000000000001096351",
        "title": "Pomidorai slyviniai raudoni (ind.500g), 500 g",
        "category_id": "04005a5f-97ea-403c-9d25-881915e200f3",
        "category_name_full_path": "Daržovės ir vaisiai/Daržovės/Pomidorai 
ir agurkai",
        "category_path_url": 
"darzoves-ir-vaisiai/darzoves/pomidorai-ir-agurkai",
        "root_category_id": "2456a910-eacb-4537-b214-17ed21682888",
        "brand_name": "Kietaviškių",
        "brand_id": 3996,
        "shopcode": "X500",
        "price": 2.49,
        "image": 
"https://cdn.barbora.lt/products/29672dbf-2aa5-4037-b5a1-44477ab90cb9_s.png",
        "big_image": 
"https://cdn.barbora.lt/products/29672dbf-2aa5-4037-b5a1-44477ab90cb9_m.png",
        "comparative_unit": "kg",
        "comparative_unit_price": 4.98,
        "status": "active",
        "GiftsCampaignItems": null,
        "own_inventory": false,
        "ShowInOffersTo": null,
        "Url": "pomidorai-slyviniai-raudoni-ind-500-g-500-g",
        "ExternalSuppliers": null,
        "is_made_in_Eu": false,
        "is_made_in_Home_Country": false,
        "is_available_for_donations": false
    },
    {
        "attributes": {
            "list": []
        },
        "picking_actions": [],
        "units": [
            {
                "id": 0,
                "price": 2.49,
                "unit": "vnt.",
                "min": 1,
                "max": 6,
                "step": 1,
                "defaultValue": 1
            }
        ],
        "is_adult": false,
        "inFavorites": false,
        "show_promo_label": true,
        "show_promo_price": true,
        "giftsCampaignItems": null,
        "segment_id": null,
        "id": "000000000000642101",
        "title": "Smulkiavaisiai slyviniai pomidorai (fasuoti), 250 g",
        "category_id": "04005a5f-97ea-403c-9d25-881915e200f3",
        "category_name_full_path": "Daržovės ir vaisiai/Daržovės/Pomidorai 
ir agurkai",
        "category_path_url": 
"darzoves-ir-vaisiai/darzoves/pomidorai-ir-agurkai",
        "root_category_id": "2456a910-eacb-4537-b214-17ed21682888",
        "brand_name": "",
        "brand_id": null,
        "shopcode": "X500",
        "price": 2.49,
        "image": 
"https://cdn.barbora.lt/products/63d8e78b-9df1-4785-b631-058881fdd860_s.png",
        "big_image": 
"https://cdn.barbora.lt/products/63d8e78b-9df1-4785-b631-058881fdd860_m.png",
        "comparative_unit": "kg",
        "comparative_unit_price": 9.96,
        "status": "active",
        "GiftsCampaignItems": null,
        "own_inventory": false,
        "ShowInOffersTo": null,
        "Url": "smulkiavaisiai-slyviniai-pomidorai-fasuoti-250-g",
        "ExternalSuppliers": null,
        "is_made_in_Eu": false,
        "is_made_in_Home_Country": false,
        "is_available_for_donations": false
    },
    {
        "attributes": {
            "list": []
        },
        "picking_actions": [],
        "units": [
            {
                "id": 0,
                "price": 2.99,
                "unit": "vnt.",
                "min": 1,
                "max": 3,
                "step": 1,
                "defaultValue": 1
            }
        ],
        "is_adult": false,
        "inFavorites": false,
        "show_promo_label": true,
        "show_promo_price": true,
        "giftsCampaignItems": null,
        "segment_id": null,
        "id": "000000000001096349",
        "title": "Pomidorai juodieji (ind.500g), 500 g",
        "category_id": "04005a5f-97ea-403c-9d25-881915e200f3",
        "category_name_full_path": "Daržovės ir vaisiai/Daržovės/Pomidorai 
ir agurkai",
        "category_path_url": 
"darzoves-ir-vaisiai/darzoves/pomidorai-ir-agurkai",
        "root_category_id": "2456a910-eacb-4537-b214-17ed21682888",
        "brand_name": "Kietaviškių",
        "brand_id": 3996,
        "shopcode": "X500",
        "price": 2.99,
        "image": 
"https://cdn.barbora.lt/products/72b4f848-22d3-4ba8-b40b-72a423fe3f09_s.png",
        "big_image": 
"https://cdn.barbora.lt/products/72b4f848-22d3-4ba8-b40b-72a423fe3f09_m.png",
        "comparative_unit": "kg",
        "comparative_unit_price": 5.98,
        "status": "active",
        "GiftsCampaignItems": null,
        "own_inventory": false,
        "ShowInOffersTo": null,
        "Url": "pomidorai-juodieji-ind-500-g-500-g",
        "ExternalSuppliers": null,
        "is_made_in_Eu": false,
        "is_made_in_Home_Country": false,
        "is_available_for_donations": false
    },
    {
        "attributes": {
            "list": []
        },
        "picking_actions": [],
        "units": [
            {
                "id": 0,
                "price": 3.59,
                "unit": "vnt.",
                "min": 1,
                "max": 4,
                "step": 1,
                "defaultValue": 1
            }
        ],
        "is_adult": false,
        "inFavorites": false,
        "show_promo_label": true,
        "show_promo_price": true,
        "giftsCampaignItems": null,
        "segment_id": null,
        "id": "000000000000181296",
        "title": "Pomidorų rinkinys (ind.), 500 g",
        "category_id": "04005a5f-97ea-403c-9d25-881915e200f3",
        "category_name_full_path": "Daržovės ir vaisiai/Daržovės/Pomidorai 
ir agurkai",
        "category_path_url": 
"darzoves-ir-vaisiai/darzoves/pomidorai-ir-agurkai",
        "root_category_id": "2456a910-eacb-4537-b214-17ed21682888",
        "brand_name": "Kietaviškių",
        "brand_id": 3996,
        "shopcode": "X500",
        "price": 3.59,
        "image": 
"https://cdn.barbora.lt/products/dbb47de2-45a3-4d1d-a3dd-5d0f3b76a7d4_s.png",
        "big_image": 
"https://cdn.barbora.lt/products/dbb47de2-45a3-4d1d-a3dd-5d0f3b76a7d4_m.png",
        "comparative_unit": "kg",
        "comparative_unit_price": 7.18,
        "status": "active",
        "GiftsCampaignItems": null,
        "own_inventory": false,
        "ShowInOffersTo": null,
        "Url": "pomidoru-rinkinys-ind-500-g",
        "ExternalSuppliers": null,
        "is_made_in_Eu": false,
        "is_made_in_Home_Country": false,
        "is_available_for_donations": false
    },
    {
        "attributes": {
            "list": []
        },
        "picking_actions": [],
        "units": [
            {
                "id": 0,
                "price": 2.69,
                "unit": "vnt.",
                "min": 1,
                "max": 6,
                "step": 1,
                "defaultValue": 1
            }
        ],
        "is_adult": false,
        "inFavorites": false,
        "show_promo_label": true,
        "show_promo_price": true,
        "giftsCampaignItems": null,
        "segment_id": null,
        "id": "000000000001101427",
        "title": "Uoginiai pomidorai su šakelėmis, 200 g",
        "category_id": "04005a5f-97ea-403c-9d25-881915e200f3",
        "category_name_full_path": "Daržovės ir vaisiai/Daržovės/Pomidorai 
ir agurkai",
        "category_path_url": 
"darzoves-ir-vaisiai/darzoves/pomidorai-ir-agurkai",
        "root_category_id": "2456a910-eacb-4537-b214-17ed21682888",
        "brand_name": "",
        "brand_id": null,
        "shopcode": "X500",
        "price": 2.69,
        "image": 
"https://cdn.barbora.lt/products/63164c20-793b-48a7-9ffd-508eb531e581_s.png",
        "big_image": 
"https://cdn.barbora.lt/products/63164c20-793b-48a7-9ffd-508eb531e581_m.png",
        "comparative_unit": "kg",
        "comparative_unit_price": 13.45,
        "status": "active",
        "GiftsCampaignItems": null,
        "own_inventory": false,
        "ShowInOffersTo": null,
        "Url": "uoginiai-pomidorai-su-sakelemis-200-g",
        "ExternalSuppliers": null,
        "is_made_in_Eu": false,
        "is_made_in_Home_Country": false,
        "is_available_for_donations": false
    },
    {
        "attributes": {
            "list": []
        },
        "picking_actions": [],
        "units": [
            {
                "id": 0,
                "price": 2.99,
                "unit": "vnt.",
                "min": 1,
                "max": 4,
                "step": 1,
                "defaultValue": 1
            }
        ],
        "is_adult": false,
        "inFavorites": false,
        "show_promo_label": true,
        "show_promo_price": true,
        "giftsCampaignItems": null,
        "segment_id": null,
        "id": "000000000001096350",
        "title": "Vynuoginiai pomidorai su šakelėmis, 300 g",
        "category_id": "04005a5f-97ea-403c-9d25-881915e200f3",
        "category_name_full_path": "Daržovės ir vaisiai/Daržovės/Pomidorai 
ir agurkai",
        "category_path_url": 
"darzoves-ir-vaisiai/darzoves/pomidorai-ir-agurkai",
        "root_category_id": "2456a910-eacb-4537-b214-17ed21682888",
        "brand_name": "Kietaviškių",
        "brand_id": 3996,
        "shopcode": "X500",
        "price": 2.99,
        "image": 
"https://cdn.barbora.lt/products/7a62808b-dc4b-4323-bf09-def21ee67b42_s.png",
        "big_image": 
"https://cdn.barbora.lt/products/7a62808b-dc4b-4323-bf09-def21ee67b42_m.png",
        "comparative_unit": "kg",
        "comparative_unit_price": 9.97,
        "status": "active",
        "GiftsCampaignItems": null,
        "own_inventory": false,
        "ShowInOffersTo": null,
        "Url": "vynuoginiai-pomidorai-su-sakelemis-300-g",
        "ExternalSuppliers": null,
        "is_made_in_Eu": false,
        "is_made_in_Home_Country": false,
        "is_available_for_donations": false
    },
    {
        "attributes": {
            "list": []
        },
        "picking_actions": [],
        "units": [
            {
                "id": 0,
                "price": 2.19,
                "retail_price": 2.99,
                "unit": "vnt.",
                "min": 1,
                "max": 4,
                "step": 1,
                "defaultValue": 1
            }
        ],
        "is_adult": false,
        "inFavorites": false,
        "extra": {
            "is_sellout": true,
            "discount": 0,
            "buy_x_quantity_for_y_price_promo": null,
            "maxi_pack_price_promo": null,
            "is_with_card": false,
            "extra_loyalty_points": null,
            "is_new": false,
            "is_top": false,
            "is_time": null,
            "is_today": false,
            "is_gift_available": false,
            "is_not_available_for_cnc": false,
            "is_not_available_for_pup": false
        },
        "show_promo_label": true,
        "show_promo_price": true,
        "giftsCampaignItems": null,
        "segment_id": null,
        "id": "000000000001139898",
        "title": "Kokteiliniai pomidorai, 300 g",
        "category_id": "04005a5f-97ea-403c-9d25-881915e200f3",
        "category_name_full_path": "Daržovės ir vaisiai/Daržovės/Pomidorai 
ir agurkai",
        "category_path_url": 
"darzoves-ir-vaisiai/darzoves/pomidorai-ir-agurkai",
        "root_category_id": "2456a910-eacb-4537-b214-17ed21682888",
        "brand_name": "Kietaviškių",
        "brand_id": 3996,
        "shopcode": "X500",
        "price": 2.19,
        "retail_price": 2.99,
        "image": 
"https://cdn.barbora.lt/products/e5af36e2-73f1-4a36-926a-2bb4b1cd4fe6_s.png",
        "big_image": 
"https://cdn.barbora.lt/products/e5af36e2-73f1-4a36-926a-2bb4b1cd4fe6_m.png",
        "comparative_unit": "kg",
        "comparative_unit_price": 7.3,
        "status": "active",
        "GiftsCampaignItems": null,
        "own_inventory": false,
        "ShowInOffersTo": "2022-10-28T00:00:00",
        "Url": "kokteiliniai-pomidorai-300-g",
        "ExternalSuppliers": null,
        "is_made_in_Eu": false,
        "is_made_in_Home_Country": false,
        "is_available_for_donations": false
    },
    {
        "attributes": {
            "list": []
        },
        "picking_actions": [],
        "units": [
            {
                "id": 0,
                "price": 1.99,
                "unit": "vnt.",
                "min": 1,
                "max": 6,
                "step": 1,
                "defaultValue": 1
            }
        ],
        "is_adult": false,
        "inFavorites": false,
        "show_promo_label": true,
        "show_promo_price": true,
        "giftsCampaignItems": null,
        "segment_id": null,
        "id": "000000000001139900",
        "title": "Vaikų pomidorai, 150 g",
        "category_id": "04005a5f-97ea-403c-9d25-881915e200f3",
        "category_name_full_path": "Daržovės ir vaisiai/Daržovės/Pomidorai 
ir agurkai",
        "category_path_url": 
"darzoves-ir-vaisiai/darzoves/pomidorai-ir-agurkai",
        "root_category_id": "2456a910-eacb-4537-b214-17ed21682888",
        "brand_name": "Kietaviškių",
        "brand_id": 3996,
        "shopcode": "X500",
        "price": 1.99,
        "image": 
"https://cdn.barbora.lt/products/3a5dfa10-d8bc-4d2f-8e5c-5b62d1ad50e8_s.png",
        "big_image": 
"https://cdn.barbora.lt/products/3a5dfa10-d8bc-4d2f-8e5c-5b62d1ad50e8_m.png",
        "comparative_unit": "kg",
        "comparative_unit_price": 13.27,
        "status": "active",
        "GiftsCampaignItems": null,
        "own_inventory": false,
        "ShowInOffersTo": null,
        "Url": "vaiku-pomidorai-150-g",
        "ExternalSuppliers": null,
        "is_made_in_Eu": false,
        "is_made_in_Home_Country": false,
        "is_available_for_donations": false
    },
    {
        "attributes": {
            "list": []
        },
        "picking_actions": [],
        "units": [
            {
                "id": 0,
                "price": 0.99,
                "retail_price": 1.39,
                "unit": "vnt.",
                "min": 1,
                "max": 6,
                "step": 1,
                "defaultValue": 1
            }
        ],
        "is_adult": false,
        "inFavorites": false,
        "extra": {
            "is_sellout": true,
            "discount": 0,
            "buy_x_quantity_for_y_price_promo": null,
            "maxi_pack_price_promo": null,
            "is_with_card": false,
            "extra_loyalty_points": null,
            "is_new": true,
            "is_top": false,
            "is_time": null,
            "is_today": false,
            "is_gift_available": false,
            "is_not_available_for_cnc": false,
            "is_not_available_for_pup": false
        },
        "show_promo_label": true,
        "show_promo_price": true,
        "giftsCampaignItems": null,
        "segment_id": null,
        "id": "000000000000181252",
        "title": "Smulkiavaisiai pomidorai (indelyje), 250 g",
        "category_id": "04005a5f-97ea-403c-9d25-881915e200f3",
        "category_name_full_path": "Daržovės ir vaisiai/Daržovės/Pomidorai 
ir agurkai",
        "category_path_url": 
"darzoves-ir-vaisiai/darzoves/pomidorai-ir-agurkai",
        "root_category_id": "2456a910-eacb-4537-b214-17ed21682888",
        "brand_name": "",
        "brand_id": null,
        "shopcode": "X500",
        "price": 0.99,
        "retail_price": 1.39,
        "image": 
"https://cdn.barbora.lt/products/17a8d501-0808-4d65-84fa-46705a03e87b_s.png",
        "big_image": 
"https://cdn.barbora.lt/products/17a8d501-0808-4d65-84fa-46705a03e87b_m.png",
        "comparative_unit": "kg",
        "comparative_unit_price": 3.96,
        "status": "active",
        "GiftsCampaignItems": null,
        "own_inventory": false,
        "ShowInOffersTo": "2022-10-25T00:00:00",
        "Url": "smulkiavaisiai-pomidorai-indelyje-250-g",
        "ExternalSuppliers": null,
        "is_made_in_Eu": false,
        "is_made_in_Home_Country": false,
        "is_available_for_donations": false
    },
    {
        "attributes": {
            "list": []
        },
        "picking_actions": [],
        "units": [
            {
                "id": 0,
                "price": 3.29,
                "unit": "vnt.",
                "min": 1,
                "max": 4,
                "step": 1,
                "defaultValue": 1
            }
        ],
        "is_adult": false,
        "inFavorites": false,
        "show_promo_label": true,
        "show_promo_price": true,
        "giftsCampaignItems": null,
        "segment_id": null,
        "id": "000000000001139896",
        "title": "Didžiųjų pomidorų asorti, 500 g",
        "category_id": "04005a5f-97ea-403c-9d25-881915e200f3",
        "category_name_full_path": "Daržovės ir vaisiai/Daržovės/Pomidorai 
ir agurkai",
        "category_path_url": 
"darzoves-ir-vaisiai/darzoves/pomidorai-ir-agurkai",
        "root_category_id": "2456a910-eacb-4537-b214-17ed21682888",
        "brand_name": "Kietaviškių",
        "brand_id": 3996,
        "shopcode": "X500",
        "price": 3.29,
        "image": 
"https://cdn.barbora.lt/products/b77f22a5-75d7-4313-baae-9390e8073c0c_s.png",
        "big_image": 
"https://cdn.barbora.lt/products/b77f22a5-75d7-4313-baae-9390e8073c0c_m.png",
        "comparative_unit": "kg",
        "comparative_unit_price": 6.58,
        "status": "active",
        "GiftsCampaignItems": null,
        "own_inventory": false,
        "ShowInOffersTo": null,
        "Url": "didziuju-pomidoru-asorti-500-g",
        "ExternalSuppliers": null,
        "is_made_in_Eu": false,
        "is_made_in_Home_Country": false,
        "is_available_for_donations": false
    },
    {
        "attributes": {
            "list": []
        },
        "picking_actions": [],
        "units": [
            {
                "id": 0,
                "price": 1.99,
                "unit": "vnt.",
                "min": 1,
                "max": 4,
                "step": 1,
                "defaultValue": 1
            }
        ],
        "is_adult": false,
        "inFavorites": false,
        "show_promo_label": true,
        "show_promo_price": true,
        "giftsCampaignItems": null,
        "segment_id": null,
        "id": "000000000001219070",
        "title": "Geltonieji VAIKŲ pomidorai, 150 g",
        "category_id": "04005a5f-97ea-403c-9d25-881915e200f3",
        "category_name_full_path": "Daržovės ir vaisiai/Daržovės/Pomidorai 
ir agurkai",
        "category_path_url": 
"darzoves-ir-vaisiai/darzoves/pomidorai-ir-agurkai",
        "root_category_id": "2456a910-eacb-4537-b214-17ed21682888",
        "brand_name": "Kietaviškių",
        "brand_id": 3996,
        "shopcode": "X500",
        "price": 1.99,
        "image": 
"https://cdn.barbora.lt/products/902f0340-0ffa-4a90-9726-909f27b189bd_s.png",
        "big_image": 
"https://cdn.barbora.lt/products/902f0340-0ffa-4a90-9726-909f27b189bd_m.png",
        "comparative_unit": "kg",
        "comparative_unit_price": 13.27,
        "status": "active",
        "GiftsCampaignItems": null,
        "own_inventory": false,
        "ShowInOffersTo": null,
        "Url": "geltonieji-vaiku-pomidorai-150-g",
        "ExternalSuppliers": null,
        "is_made_in_Eu": false,
        "is_made_in_Home_Country": false,
        "is_available_for_donations": false
    },
    {
        "attributes": {
            "list": [],
            "additional": {
                "sugar_free": false,
                "e_free": false,
                "lactose_free": false,
                "gluten_free": false,
                "eco": true,
                "frozen": false,
                "is_for_vegetarians": false,
                "mince": false,
                "thin_slice": false,
                "disembowel": false
            }
        },
        "picking_actions": [],
        "units": [
            {
                "id": 0,
                "price": 2.49,
                "unit": "vnt.",
                "min": 1,
                "max": 6,
                "step": 1,
                "defaultValue": 1
            }
        ],
        "is_adult": false,
        "inFavorites": false,
        "show_promo_label": true,
        "show_promo_price": true,
        "giftsCampaignItems": null,
        "segment_id": null,
        "id": "000000000000701276",
        "title": "Ekologiški smulkieji pomidorai (fasuoti), 250 g",
        "category_id": "04005a5f-97ea-403c-9d25-881915e200f3",
        "category_name_full_path": "Daržovės ir vaisiai/Daržovės/Pomidorai 
ir agurkai",
        "category_path_url": 
"darzoves-ir-vaisiai/darzoves/pomidorai-ir-agurkai",
        "root_category_id": "2456a910-eacb-4537-b214-17ed21682888",
        "brand_name": "",
        "brand_id": null,
        "shopcode": "X500",
        "price": 2.49,
        "image": 
"https://cdn.barbora.lt/products/fd73df46-d8aa-41e5-bd5b-97252a8e1691_s.png",
        "big_image": 
"https://cdn.barbora.lt/products/fd73df46-d8aa-41e5-bd5b-97252a8e1691_m.png",
        "comparative_unit": "kg",
        "comparative_unit_price": 9.96,
        "status": "active",
        "GiftsCampaignItems": null,
        "own_inventory": false,
        "ShowInOffersTo": null,
        "Url": "ekologiski-smulkieji-pomidorai-fasuoti-250-g",
        "ExternalSuppliers": null,
        "is_made_in_Eu": true,
        "is_made_in_Home_Country": false,
        "is_available_for_donations": false
    },
    {
        "attributes": {
            "list": []
        },
        "picking_actions": [],
        "units": [
            {
                "id": 0,
                "price": 1.99,
                "unit": "vnt.",
                "min": 1,
                "max": 5,
                "step": 1,
                "defaultValue": 1
            }
        ],
        "is_adult": false,
        "inFavorites": false,
        "show_promo_label": true,
        "show_promo_price": true,
        "giftsCampaignItems": null,
        "segment_id": null,
        "id": "000000000001139899",
        "title": "Mažųjų pomidorų asorti, 200 g",
        "category_id": "04005a5f-97ea-403c-9d25-881915e200f3",
        "category_name_full_path": "Daržovės ir vaisiai/Daržovės/Pomidorai 
ir agurkai",
        "category_path_url": 
"darzoves-ir-vaisiai/darzoves/pomidorai-ir-agurkai",
        "root_category_id": "2456a910-eacb-4537-b214-17ed21682888",
        "brand_name": "Kietaviškių",
        "brand_id": 3996,
        "shopcode": "X500",
        "price": 1.99,
        "image": 
"https://cdn.barbora.lt/products/c8817a08-96d3-47ec-b773-15037f76b418_s.png",
        "big_image": 
"https://cdn.barbora.lt/products/c8817a08-96d3-47ec-b773-15037f76b418_m.png",
        "comparative_unit": "kg",
        "comparative_unit_price": 9.95,
        "status": "active",
        "GiftsCampaignItems": null,
        "own_inventory": false,
        "ShowInOffersTo": null,
        "Url": "mazuju-pomidoru-asorti-200-g",
        "ExternalSuppliers": null,
        "is_made_in_Eu": false,
        "is_made_in_Home_Country": false,
        "is_available_for_donations": false
    },
    {
        "attributes": {
            "list": [],
            "additional": {
                "sugar_free": false,
                "e_free": false,
                "lactose_free": false,
                "gluten_free": false,
                "eco": true,
                "frozen": false,
                "is_for_vegetarians": false,
                "mince": false,
                "thin_slice": false,
                "disembowel": false
            }
        },
        "picking_actions": [],
        "units": [
            {
                "id": 0,
                "price": 3.29,
                "unit": "vnt.",
                "min": 1,
                "max": 4,
                "step": 1,
                "defaultValue": 1
            }
        ],
        "is_adult": false,
        "inFavorites": false,
        "show_promo_label": true,
        "show_promo_price": true,
        "giftsCampaignItems": null,
        "segment_id": null,
        "id": "000000000000701274",
        "title": "Ekologiški pomidorai (fas.), 500 g",
        "category_id": "04005a5f-97ea-403c-9d25-881915e200f3",
        "category_name_full_path": "Daržovės ir vaisiai/Daržovės/Pomidorai 
ir agurkai",
        "category_path_url": 
"darzoves-ir-vaisiai/darzoves/pomidorai-ir-agurkai",
        "root_category_id": "2456a910-eacb-4537-b214-17ed21682888",
        "brand_name": "EKOLOGICA",
        "brand_id": 4532,
        "shopcode": "X500",
        "price": 3.29,
        "image": 
"https://cdn.barbora.lt/products/341cd9ac-c301-45ff-8dc9-472b110afe0f_s.png",
        "big_image": 
"https://cdn.barbora.lt/products/341cd9ac-c301-45ff-8dc9-472b110afe0f_m.png",
        "comparative_unit": "kg",
        "comparative_unit_price": 6.58,
        "status": "active",
        "GiftsCampaignItems": null,
        "own_inventory": false,
        "ShowInOffersTo": null,
        "Url": "ekologiski-pomidorai-fas-500-g",
        "ExternalSuppliers": null,
        "is_made_in_Eu": true,
        "is_made_in_Home_Country": false,
        "is_available_for_donations": false
    },
    {
        "attributes": {
            "list": []
        },
        "picking_actions": [],
        "units": [
            {
                "id": 0,
                "price": 2.99,
                "unit": "vnt.",
                "min": 1,
                "max": 4,
                "step": 1,
                "defaultValue": 1
            }
        ],
        "is_adult": false,
        "inFavorites": false,
        "show_promo_label": true,
        "show_promo_price": true,
        "giftsCampaignItems": null,
        "segment_id": null,
        "id": "000000000001139895",
        "title": "AUKSINIAI pomidorai, 400 g",
        "category_id": "04005a5f-97ea-403c-9d25-881915e200f3",
        "category_name_full_path": "Daržovės ir vaisiai/Daržovės/Pomidorai 
ir agurkai",
        "category_path_url": 
"darzoves-ir-vaisiai/darzoves/pomidorai-ir-agurkai",
        "root_category_id": "2456a910-eacb-4537-b214-17ed21682888",
        "brand_name": "Kietaviškių",
        "brand_id": 3996,
        "shopcode": "X500",
        "price": 2.99,
        "image": 
"https://cdn.barbora.lt/products/ee0d15e7-6a9c-4a28-a66c-6917a52dd9b1_s.png",
        "big_image": 
"https://cdn.barbora.lt/products/ee0d15e7-6a9c-4a28-a66c-6917a52dd9b1_m.png",
        "comparative_unit": "kg",
        "comparative_unit_price": 7.48,
        "status": "active",
        "GiftsCampaignItems": null,
        "own_inventory": false,
        "ShowInOffersTo": null,
        "Url": "auksiniai-pomidorai-400-g",
        "ExternalSuppliers": null,
        "is_made_in_Eu": false,
        "is_made_in_Home_Country": false,
        "is_available_for_donations": false
    },
    {
        "attributes": {
            "list": []
        },
        "picking_actions": [],
        "units": [
            {
                "id": 0,
                "price": 4.99,
                "unit": "kg",
                "min": 0.1,
                "max": 5,
                "step": 0.1,
                "defaultValue": 0.1,
                "weightableRatio": 10
            },
            {
                "id": 1,
                "price": 0.499,
                "unit": "vnt.",
                "min": 1,
                "max": 50,
                "step": 1,
                "defaultValue": 1,
                "weightableRatio": 0.1
            }
        ],
        "is_adult": false,
        "inFavorites": false,
        "show_promo_label": true,
        "show_promo_price": true,
        "giftsCampaignItems": null,
        "segment_id": null,
        "id": "000000000000181178",
        "title": "Lietuviški trumpavaisiai agurkai, 1 kg",
        "category_id": "04005a5f-97ea-403c-9d25-881915e200f3",
        "category_name_full_path": "Daržovės ir vaisiai/Daržovės/Pomidorai 
ir agurkai",
        "category_path_url": 
"darzoves-ir-vaisiai/darzoves/pomidorai-ir-agurkai",
        "root_category_id": "2456a910-eacb-4537-b214-17ed21682888",
        "brand_name": "",
        "brand_id": null,
        "shopcode": "X500",
        "price": 4.99,
        "image": 
"https://cdn.barbora.lt/products/1fb22e11-6d00-487b-b51f-990d72c9121a_s.png",
        "big_image": 
"https://cdn.barbora.lt/products/1fb22e11-6d00-487b-b51f-990d72c9121a_m.png",
        "comparative_unit": "kg",
        "comparative_unit_price": 4.99,
        "status": "suspended",
        "GiftsCampaignItems": null,
        "own_inventory": false,
        "ShowInOffersTo": null,
        "Url": "lietuviski-trumpavaisiai-agurkai-1-kg",
        "ExternalSuppliers": null,
        "is_made_in_Eu": false,
        "is_made_in_Home_Country": false,
        "is_available_for_donations": false
    },
    {
        "attributes": {
            "list": []
        },
        "picking_actions": [],
        "units": [
            {
                "id": 0,
                "price": 6.99,
                "unit": "kg",
                "min": 0.3,
                "max": 4,
                "step": 0.3,
                "defaultValue": 0.3,
                "weightableRatio": 3.3333333333333335
            },
            {
                "id": 1,
                "price": 2.097,
                "unit": "vnt.",
                "min": 1,
                "max": 13,
                "step": 1,
                "defaultValue": 1,
                "weightableRatio": 0.3
            }
        ],
        "is_adult": false,
        "inFavorites": false,
        "show_promo_label": true,
        "show_promo_price": true,
        "giftsCampaignItems": null,
        "segment_id": null,
        "id": "000000000001143925",
        "title": "Pomidorai garbanoti avietiniai, 1 kg",
        "category_id": "04005a5f-97ea-403c-9d25-881915e200f3",
        "category_name_full_path": "Daržovės ir vaisiai/Daržovės/Pomidorai 
ir agurkai",
        "category_path_url": 
"darzoves-ir-vaisiai/darzoves/pomidorai-ir-agurkai",
        "root_category_id": "2456a910-eacb-4537-b214-17ed21682888",
        "brand_name": "Kietaviškių",
        "brand_id": 3996,
        "shopcode": "X500",
        "price": 6.99,
        "image": 
"https://cdn.barbora.lt/products/3a6ec54d-9308-45cb-b457-89771b51d2ca_s.png",
        "big_image": 
"https://cdn.barbora.lt/products/3a6ec54d-9308-45cb-b457-89771b51d2ca_m.png",
        "comparative_unit": "kg",
        "comparative_unit_price": 6.99,
        "status": "suspended",
        "GiftsCampaignItems": null,
        "own_inventory": false,
        "ShowInOffersTo": null,
        "Url": "pomidorai-garbanoti-avietiniai-1-kg",
        "ExternalSuppliers": null,
        "is_made_in_Eu": false,
        "is_made_in_Home_Country": false,
        "is_available_for_donations": false
    },
    {
        "attributes": {
            "list": []
        },
        "picking_actions": [],
        "units": [
            {
                "id": 0,
                "price": 2.99,
                "unit": "vnt.",
                "min": 1,
                "max": 4,
                "step": 1,
                "defaultValue": 1
            }
        ],
        "is_adult": false,
        "inFavorites": false,
        "show_promo_label": true,
        "show_promo_price": true,
        "giftsCampaignItems": null,
        "segment_id": null,
        "id": "000000000001096348",
        "title": "Geltoni slyviniai pomidorai, 450 g",
        "category_id": "04005a5f-97ea-403c-9d25-881915e200f3",
        "category_name_full_path": "Daržovės ir vaisiai/Daržovės/Pomidorai 
ir agurkai",
        "category_path_url": 
"darzoves-ir-vaisiai/darzoves/pomidorai-ir-agurkai",
        "root_category_id": "2456a910-eacb-4537-b214-17ed21682888",
        "brand_name": "Kietaviškių",
        "brand_id": 3996,
        "shopcode": "X500",
        "price": 2.99,
        "image": 
"https://cdn.barbora.lt/products/f5db16a4-56cc-4e91-817b-8aa4caa25f8f_s.png",
        "big_image": 
"https://cdn.barbora.lt/products/f5db16a4-56cc-4e91-817b-8aa4caa25f8f_m.png",
        "comparative_unit": "kg",
        "comparative_unit_price": 6.64,
        "status": "suspended",
        "GiftsCampaignItems": null,
        "own_inventory": false,
        "ShowInOffersTo": null,
        "Url": "geltoni-slyviniai-pomidorai-450-g",
        "ExternalSuppliers": null,
        "is_made_in_Eu": false,
        "is_made_in_Home_Country": false,
        "is_available_for_donations": false
    },
    {
        "attributes": {
            "list": []
        },
        "picking_actions": [],
        "units": [
            {
                "id": 0,
                "price": 2.49,
                "unit": "vnt.",
                "min": 1,
                "max": 4,
                "step": 1,
                "defaultValue": 1
            }
        ],
        "is_adult": false,
        "inFavorites": false,
        "show_promo_label": true,
        "show_promo_price": true,
        "giftsCampaignItems": null,
        "segment_id": null,
        "id": "000000000000181219",
        "title": "Ekologiškas ilgavaisis agurkas, 300 g",
        "category_id": "04005a5f-97ea-403c-9d25-881915e200f3",
        "category_name_full_path": "Daržovės ir vaisiai/Daržovės/Pomidorai 
ir agurkai",
        "category_path_url": 
"darzoves-ir-vaisiai/darzoves/pomidorai-ir-agurkai",
        "root_category_id": "2456a910-eacb-4537-b214-17ed21682888",
        "brand_name": "Maxima Ekologica",
        "brand_id": 2606,
        "shopcode": "X500",
        "price": 2.49,
        "image": 
"https://cdn.barbora.lt/products/9acd4590-6895-47d9-9427-3fcb0e743c2d_s.png",
        "big_image": 
"https://cdn.barbora.lt/products/9acd4590-6895-47d9-9427-3fcb0e743c2d_m.png",
        "comparative_unit": "kg",
        "comparative_unit_price": 8.3,
        "status": "suspended",
        "GiftsCampaignItems": null,
        "own_inventory": false,
        "ShowInOffersTo": null,
        "Url": "ekologiskas-ilgavaisis-agurkas-250-g",
        "ExternalSuppliers": null,
        "is_made_in_Eu": true,
        "is_made_in_Home_Country": false,
        "is_available_for_donations": false
    },
    {
        "attributes": {
            "list": []
        },
        "picking_actions": [],
        "units": [
            {
                "id": 0,
                "price": 1.69,
                "unit": "vnt.",
                "min": 1,
                "max": 6,
                "step": 1,
                "defaultValue": 1
            }
        ],
        "is_adult": false,
        "inFavorites": false,
        "show_promo_label": true,
        "show_promo_price": true,
        "giftsCampaignItems": null,
        "segment_id": null,
        "id": "000000000000274889",
        "title": "Smulkiavaisiai pomidorai, 200 g",
        "category_id": "04005a5f-97ea-403c-9d25-881915e200f3",
        "category_name_full_path": "Daržovės ir vaisiai/Daržovės/Pomidorai 
ir agurkai",
        "category_path_url": 
"darzoves-ir-vaisiai/darzoves/pomidorai-ir-agurkai",
        "root_category_id": "2456a910-eacb-4537-b214-17ed21682888",
        "brand_name": "Kietaviškių",
        "brand_id": 3996,
        "shopcode": "X500",
        "price": 1.69,
        "image": 
"https://cdn.barbora.lt/products/ac84c49b-70fd-4702-a783-5cee406d94aa_s.png",
        "big_image": 
"https://cdn.barbora.lt/products/ac84c49b-70fd-4702-a783-5cee406d94aa_m.png",
        "comparative_unit": "kg",
        "comparative_unit_price": 8.45,
        "status": "suspended",
        "GiftsCampaignItems": null,
        "own_inventory": false,
        "ShowInOffersTo": null,
        "Url": "smulkiavaisiai-pomidorai-200-g",
        "ExternalSuppliers": null,
        "is_made_in_Eu": false,
        "is_made_in_Home_Country": false,
        "is_available_for_donations": false
    },
    {
        "attributes": {
            "list": []
        },
        "picking_actions": [],
        "units": [
            {
                "id": 0,
                "price": 1.99,
                "unit": "vnt.",
                "min": 1,
                "max": 6,
                "step": 1,
                "defaultValue": 1
            }
        ],
        "is_adult": false,
        "inFavorites": false,
        "show_promo_label": true,
        "show_promo_price": true,
        "giftsCampaignItems": null,
        "segment_id": null,
        "id": "000000000000838310",
        "title": "Pomidorai MINI ZEBRINO (indelyje), 250 g",
        "category_id": "04005a5f-97ea-403c-9d25-881915e200f3",
        "category_name_full_path": "Daržovės ir vaisiai/Daržovės/Pomidorai 
ir agurkai",
        "category_path_url": 
"darzoves-ir-vaisiai/darzoves/pomidorai-ir-agurkai",
        "root_category_id": "2456a910-eacb-4537-b214-17ed21682888",
        "brand_name": "",
        "brand_id": null,
        "shopcode": "X500",
        "price": 1.99,
        "image": 
"https://cdn.barbora.lt/products/203f90b2-f231-48f2-b7e5-7bf1311604e9_s.png",
        "big_image": 
"https://cdn.barbora.lt/products/203f90b2-f231-48f2-b7e5-7bf1311604e9_m.png",
        "comparative_unit": "kg",
        "comparative_unit_price": 7.96,
        "status": "suspended",
        "GiftsCampaignItems": null,
        "own_inventory": false,
        "ShowInOffersTo": null,
        "Url": "pomidorai-mini-zebrino-indelyje-250-g",
        "ExternalSuppliers": null,
        "is_made_in_Eu": false,
        "is_made_in_Home_Country": false,
        "is_available_for_donations": false
    }
]
