[
    {
        "category": "\r\n                        Dar\u017eov\u0117s ir vaisiai\r\n                    ",
        "categoryUrl": "https://barbora.lt/darzoves-ir-vaisiai",
        "responseUrl": "https://barbora.lt/",
        "items": [
            {
                "itemName": "Bananai, 1 kg",
                "itemId": "000000000000182353",
                "itemUrl": "https://barbora.lt/produktai/bananai-1-kg",
                "categoryFullPath": "Dar\u017eov\u0117s ir vaisiai/Vaisiai ir uogos/Bananai",
                "labelPrice": 1.29,
                "pricePerUnit": 1.29,
                "units": "kg",
                "packageAmount": 0.6,
                "description": null,
                "store": "Maxima",
                "availability": "active",
                "origin": null,
                "components": null,
                "image": "https://cdn.barbora.lt/products/1d747537-6760-4098-ab24-8c658d1f9491_s.png"
            },
            {
                "itemName": "Citrinos (3-4 d.), 1 kg",
                "itemId": "000000000000182307",
                "itemUrl": "https://barbora.lt/produktai/citrinos-3-4-d-1-kg",
                "categoryFullPath": "Dar\u017eov\u0117s ir vaisiai/Vaisiai ir uogos/Citrusiniai vaisiai",
                "labelPrice": 1.19,
                "pricePerUnit": 1.19,
                "units": "kg",
                "packageAmount": 0.25,
                "description": null,
                "store": "Maxima",
                "availability": "active",
                "origin": null,
                "components": null,
                "image": "https://cdn.barbora.lt/products/484760fc-4195-4caf-ac05-6c4e0006a2bb_s.png"
            },
            {
                "itemName": "Obuoliai JONAGOLD (75-85 mm), 1 kg",
                "itemId": "000000000000181721",
                "itemUrl": "https://barbora.lt/produktai/obuoliai-jonagold-75-85-mm-1-kg",
                "categoryFullPath": "Dar\u017eov\u0117s ir vaisiai/Vaisiai ir uogos/Obuoliai ir kriau\u0161\u0117s",
                "labelPrice": 0.49,
                "pricePerUnit": 0.49,
                "units": "kg",
                "packageAmount": 0.35,
                "description": null,
                "store": "Maxima",
                "availability": "active",
                "origin": null,
                "components": null,
                "image": "https://cdn.barbora.lt/products/68a76c9c-1e04-44a7-b757-2a7e4a23b2e4_s.png"
            },
            {
                "itemName": "Pievagrybiai BALTIC CHAMPIGNONS (20-50 mm, indelyje), 250 g",
                "itemId": "000000000000014767",
                "itemUrl": "https://barbora.lt/produktai/pievagrybiai-baltic-champignons-20-50-mm-indelyje-250-g",
                "categoryFullPath": "Dar\u017eov\u0117s ir vaisiai/Grybai",
                "labelPrice": 1.29,
                "pricePerUnit": 5.16,
                "units": "kg",
                "packageAmount": 1.0,
                "description": null,
                "store": "Maxima",
                "availability": "active",
                "origin": null,
                "components": null,
                "image": "https://cdn.barbora.lt/products/aec69d93-776c-4579-8ec1-7bdac29889d7_s.png"
            },
            {
                "itemName": "Lietuvi\u0161ki \u010desnakai, 2 vnt., 2 vnt.",
                "itemId": "000000000001165608",
                "itemUrl": "https://barbora.lt/produktai/lietuviski-cesnakai-2-vnt-2-vnt",
                "categoryFullPath": "Dar\u017eov\u0117s ir vaisiai/Dar\u017eov\u0117s/Svog\u016bnai, porai ir \u010desnakai",
                "labelPrice": 1.19,
                "pricePerUnit": 0.6,
                "units": "vnt.",
                "packageAmount": 1.0,
                "description": null,
                "store": "Maxima",
                "availability": "active",
                "origin": null,
                "components": null,
                "image": "https://cdn.barbora.lt/products/8cf1f07d-bdda-4e2e-af43-a8366c795a48_s.png"
            },
            {
                "itemName": "Didelis avokadas (\u017ealias), 1 vnt.",
                "itemId": "000000000001175414",
                "itemUrl": "https://barbora.lt/produktai/didelis-avokadas-zalias-1-vnt",
                "categoryFullPath": "Dar\u017eov\u0117s ir vaisiai/Vaisiai ir uogos/Avokadai",
                "labelPrice": 1.69,
                "pricePerUnit": 1.69,
                "units": "vnt.",
                "packageAmount": 1.0,
                "description": null,
                "store": "Maxima",
                "availability": "active",
                "origin": null,
                "components": null,
                "image": "https://cdn.barbora.lt/products/1feada11-3fb4-441e-9fbf-cdf6f68a6dd5_s.png"
            },
            {
                "itemName": "MA\u017dOSIOS bulvyt\u0117s, 0.6 kg",
                "itemId": "000000000001103036",
                "itemUrl": "https://barbora.lt/produktai/mazosios-bulvytes-0-6-kg",
                "categoryFullPath": "Dar\u017eov\u0117s ir vaisiai/Dar\u017eov\u0117s/Bulv\u0117s, morkos ir kop\u016bstai",
                "labelPrice": 1.99,
                "pricePerUnit": 3.32,
                "units": "kg",
                "packageAmount": 1.0,
                "description": null,
                "store": "Maxima",
                "availability": "active",
                "origin": null,
                "components": null,
                "image": "https://cdn.barbora.lt/products/2113de71-ad31-453c-b9c3-356727c53b90_s.png"
            },
            {
                "itemName": "Ma\u017ei raudonieji greipfrutai, 1 kg",
                "itemId": "000000000000182346",
                "itemUrl": "https://barbora.lt/produktai/mazi-raudonieji-greipfrutai-1-kg",
                "categoryFullPath": "Dar\u017eov\u0117s ir vaisiai/Vaisiai ir uogos/Citrusiniai vaisiai",
                "labelPrice": 1.69,
                "pricePerUnit": 1.69,
                "units": "kg",
                "packageAmount": 0.35,
                "description": null,
                "store": "Maxima",
                "availability": "active",
                "origin": null,
                "components": null,
                "image": "https://cdn.barbora.lt/products/950b1f81-a2a2-4c26-954c-595820d1506d_s.png"
            },
            {
                "itemName": "Ma\u017eosios paprikos, \u012fvairi\u0173 spalv\u0173, 150 g",
                "itemId": "000000000000464310",
                "itemUrl": "https://barbora.lt/produktai/mazosios-paprikos-ivairiu-spalvu-150-g",
                "categoryFullPath": "Dar\u017eov\u0117s ir vaisiai/Dar\u017eov\u0117s/Paprikos ir bakla\u017eanai",
                "labelPrice": 1.79,
                "pricePerUnit": 11.93,
                "units": "kg",
                "packageAmount": 1.0,
                "description": null,
                "store": "Maxima",
                "availability": "active",
                "origin": null,
                "components": null,
                "image": "https://cdn.barbora.lt/products/73782dbd-d3c9-498c-8dc8-5a8a478e83de_s.png"
            },
            {
                "itemName": "Raudonos vynuog\u0117s, 1 kg",
                "itemId": "000000000000180828",
                "itemUrl": "https://barbora.lt/produktai/raudonos-vynuoges-1-kg",
                "categoryFullPath": "Dar\u017eov\u0117s ir vaisiai/Vaisiai ir uogos/Vynuog\u0117s ir uogos",
                "labelPrice": 3.49,
                "pricePerUnit": 3.49,
                "units": "kg",
                "packageAmount": 0.5,
                "description": null,
                "store": "Maxima",
                "availability": "active",
                "origin": null,
                "components": null,
                "image": "https://cdn.barbora.lt/products/0a780151-a291-425b-9791-36be34ab0ffc_s.png"
            },
            {
                "itemName": "Ekologi\u0161k\u0173 paprik\u0173 rinkinys, fas., 300 g",
                "itemId": "000000000000181298",
                "itemUrl": "https://barbora.lt/produktai/ekologisku-papriku-rinkinys-fas-300-g",
                "categoryFullPath": "Dar\u017eov\u0117s ir vaisiai/Dar\u017eov\u0117s/Paprikos ir bakla\u017eanai",
                "labelPrice": 2.99,
                "pricePerUnit": 9.97,
                "units": "kg",
                "packageAmount": 1.0,
                "description": null,
                "store": "Maxima",
                "availability": "active",
                "origin": null,
                "components": null,
                "image": "https://cdn.barbora.lt/products/c4089d45-2259-4955-a566-04270250a108_s.png"
            },
            {
                "itemName": "Kor\u0117jieti\u0161kai ruo\u0161ti burok\u0117liai, 400 g",
                "itemId": "000000000000937892",
                "itemUrl": "https://barbora.lt/produktai/korejietiskai-ruosti-burokeliai-400-g",
                "categoryFullPath": "Dar\u017eov\u0117s ir vaisiai/Dar\u017eov\u0117s/Marinuotos, raugintos ir s\u016bdytos dar\u017eov\u0117s",
                "labelPrice": 1.79,
                "pricePerUnit": 4.48,
                "units": "kg",
                "packageAmount": 1.0,
                "description": null,
                "store": "Maxima",
                "availability": "active",
                "origin": null,
                "components": null,
                "image": "https://cdn.barbora.lt/products/abb45004-1439-44ef-aaf9-c8704aa94eb0_s.png"
            },
            {
                "itemName": "Burok\u0117li\u0173 karpa\u010das, 400 g",
                "itemId": "000000000000937895",
                "itemUrl": "https://barbora.lt/produktai/burokeliu-karpacas-400-g",
                "categoryFullPath": "Dar\u017eov\u0117s ir vaisiai/Dar\u017eov\u0117s/Marinuotos, raugintos ir s\u016bdytos dar\u017eov\u0117s",
                "labelPrice": 1.99,
                "pricePerUnit": 4.98,
                "units": "kg",
                "packageAmount": 1.0,
                "description": null,
                "store": "Maxima",
                "availability": "active",
                "origin": null,
                "components": null,
                "image": "https://cdn.barbora.lt/products/e22a7246-68db-449c-99ea-fcbbf95db6ed_s.png"
            },
            {
                "itemName": "Kinkanai (indelyje), 150 g",
                "itemId": "000000000000593519",
                "itemUrl": "https://barbora.lt/produktai/kinkanai-indelyje-150-g",
                "categoryFullPath": "Dar\u017eov\u0117s ir vaisiai/Vaisiai ir uogos/Egzotiniai vaisiai ",
                "labelPrice": 2.99,
                "pricePerUnit": 19.93,
                "units": "kg",
                "packageAmount": 1.0,
                "description": null,
                "store": "Maxima",
                "availability": "active",
                "origin": null,
                "components": null,
                "image": "https://cdn.barbora.lt/products/6e227226-a5be-48f0-872e-e25597b9b426_s.png"
            },
            {
                "itemName": "Pipir\u0173 rinkinys A\u0160TRIAUSI PASAULYJE, 80 g",
                "itemId": "000000000001210949",
                "itemUrl": "https://barbora.lt/produktai/pipiru-rinkinys-astriausi-pasaulyje-80-g",
                "categoryFullPath": "Dar\u017eov\u0117s ir vaisiai/Dar\u017eov\u0117s/Paprikos ir bakla\u017eanai",
                "labelPrice": 3.99,
                "pricePerUnit": 49.88,
                "units": "kg",
                "packageAmount": 1.0,
                "description": null,
                "store": "Maxima",
                "availability": "active",
                "origin": null,
                "components": null,
                "image": "https://cdn.barbora.lt/products/d7282422-b338-4de9-9d10-512f33b301a3_s.png"
            },
            {
                "itemName": "Tamarindai (d\u0117\u017eut\u0117je), 450 g",
                "itemId": "000000000000607593",
                "itemUrl": "https://barbora.lt/produktai/tamarindai-dezuteje-450-g",
                "categoryFullPath": "Dar\u017eov\u0117s ir vaisiai/Vaisiai ir uogos/Egzotiniai vaisiai ",
                "labelPrice": 3.99,
                "pricePerUnit": 8.87,
                "units": "kg",
                "packageAmount": 1.0,
                "description": null,
                "store": "Maxima",
                "availability": "active",
                "origin": null,
                "components": null,
                "image": "https://cdn.barbora.lt/products/521792f3-bf83-488c-b87b-97afd8ab3968_s.png"
            },
            {
                "itemName": "Lietuvi\u0161ki trumpavaisiai agurkai, 1 kg",
                "itemId": "000000000000181178",
                "itemUrl": "https://barbora.lt/produktai/lietuviski-trumpavaisiai-agurkai-1-kg",
                "categoryFullPath": "Dar\u017eov\u0117s ir vaisiai/Dar\u017eov\u0117s/Pomidorai ir agurkai",
                "labelPrice": 3.49,
                "pricePerUnit": 3.49,
                "units": "kg",
                "packageAmount": 0.1,
                "description": null,
                "store": "Maxima",
                "availability": "active",
                "origin": null,
                "components": null,
                "image": "https://cdn.barbora.lt/products/1fb22e11-6d00-487b-b51f-990d72c9121a_s.png"
            },
            {
                "itemName": "Raudonos sald\u017eiosios paprikos (70-90 mm), 1 kg",
                "itemId": "000000000000181248",
                "itemUrl": "https://barbora.lt/produktai/raudonos-saldziosios-paprikos-70-90-mm-1-kg",
                "categoryFullPath": "Dar\u017eov\u0117s ir vaisiai/Dar\u017eov\u0117s/Paprikos ir bakla\u017eanai",
                "labelPrice": 1.89,
                "pricePerUnit": 1.89,
                "units": "kg",
                "packageAmount": 0.2,
                "description": null,
                "store": "Maxima",
                "availability": "active",
                "origin": null,
                "components": null,
                "image": "https://cdn.barbora.lt/products/544567df-0d36-410a-b7c4-6845b3262d0c_s.png"
            },
            {
                "itemName": "Lietuvi\u0161ki \u010desnakai, 1 kg",
                "itemId": "000000000000180991",
                "itemUrl": "https://barbora.lt/produktai/cesnakai-1-kg",
                "categoryFullPath": "Dar\u017eov\u0117s ir vaisiai/Dar\u017eov\u0117s/Svog\u016bnai, porai ir \u010desnakai",
                "labelPrice": 3.99,
                "pricePerUnit": 3.99,
                "units": "kg",
                "packageAmount": 0.06,
                "description": null,
                "store": "Maxima",
                "availability": "active",
                "origin": null,
                "components": null,
                "image": "https://cdn.barbora.lt/products/322fc41a-d59e-4094-ba5a-6f2da3d4d8e6_s.png"
            },
            {
                "itemName": "\u0160pinatai TASTY HOME (plauti), 70 g",
                "itemId": "000000000000887541",
                "itemUrl": "https://barbora.lt/produktai/spinatai-tasty-home-plauti-70-g",
                "categoryFullPath": "Dar\u017eov\u0117s ir vaisiai/Dar\u017eov\u0117s/Salotos ir j\u0173 mi\u0161iniai",
                "labelPrice": 1.29,
                "pricePerUnit": 18.43,
                "units": "kg",
                "packageAmount": 1.0,
                "description": null,
                "store": "Maxima",
                "availability": "active",
                "origin": null,
                "components": null,
                "image": "https://cdn.barbora.lt/products/a82657a8-e949-4de0-b0bd-df32871bbf59_s.png"
            },
            {
                "itemName": "Pomidorai avietiniai(ind.450g), 450 g",
                "itemId": "000000000001096347",
                "itemUrl": "https://barbora.lt/produktai/pomidorai-avietiniai-ind-450-g-450-g",
                "categoryFullPath": "Dar\u017eov\u0117s ir vaisiai/Dar\u017eov\u0117s/Pomidorai ir agurkai",
                "labelPrice": 1.89,
                "pricePerUnit": 4.2,
                "units": "kg",
                "packageAmount": 1.0,
                "description": null,
                "store": "Maxima",
                "availability": "active",
                "origin": null,
                "components": null,
                "image": "https://cdn.barbora.lt/products/7d9b4048-488a-4fe7-9082-d594fbe290c2_s.png"
            },
            {
                "itemName": "Gra\u017egars\u010di\u0173 lapai TASTY HOME (plauti), 70 g",
                "itemId": "000000000000887539",
                "itemUrl": "https://barbora.lt/produktai/grazgarsciu-lapai-tasty-home-plauti-70-g",
                "categoryFullPath": "Dar\u017eov\u0117s ir vaisiai/Dar\u017eov\u0117s/Salotos ir j\u0173 mi\u0161iniai",
                "labelPrice": 1.29,
                "pricePerUnit": 18.43,
                "units": "kg",
                "packageAmount": 1.0,
                "description": null,
                "store": "Maxima",
                "availability": "active",
                "origin": null,
                "components": null,
                "image": "https://cdn.barbora.lt/products/bb712dd3-0a75-450d-8183-a51b72becf24_s.png"
            },
            {
                "itemName": "Ma\u017eieji \u0161pinatai TASTY HOME (fasuoti), 200 g",
                "itemId": "000000000000483186",
                "itemUrl": "https://barbora.lt/produktai/mazieji-spinatai-tasty-home-fasuoti-200-g",
                "categoryFullPath": "Dar\u017eov\u0117s ir vaisiai/Dar\u017eov\u0117s/Salotos ir j\u0173 mi\u0161iniai",
                "labelPrice": 1.89,
                "pricePerUnit": 9.45,
                "units": "kg",
                "packageAmount": 1.0,
                "description": null,
                "store": "Maxima",
                "availability": "active",
                "origin": null,
                "components": null,
                "image": "https://cdn.barbora.lt/products/1642a8e6-d587-4dac-836f-b246287640a7_s.png"
            },
            {
                "itemName": "Slyviniai pomidorai (57-67 mm), 1 kg",
                "itemId": "000000000000181265",
                "itemUrl": "https://barbora.lt/produktai/slyviniai-pomidorai-57-67-mm-1-kg",
                "categoryFullPath": "Dar\u017eov\u0117s ir vaisiai/Dar\u017eov\u0117s/Pomidorai ir agurkai",
                "labelPrice": 2.79,
                "pricePerUnit": 2.79,
                "units": "kg",
                "packageAmount": 0.15,
                "description": null,
                "store": "Maxima",
                "availability": "active",
                "origin": null,
                "components": null,
                "image": "https://cdn.barbora.lt/products/7012d88a-73ed-4e36-9c7c-18ef3ed440d6_s.png"
            },
            {
                "itemName": "Salotin\u0117s sulten\u0117s TASTY HOME, 50 g",
                "itemId": "000000000000293225",
                "itemUrl": "https://barbora.lt/produktai/salotines-sultenes-tasty-home-50-g",
                "categoryFullPath": "Dar\u017eov\u0117s ir vaisiai/Dar\u017eov\u0117s/Salotos ir j\u0173 mi\u0161iniai",
                "labelPrice": 1.19,
                "pricePerUnit": 23.8,
                "units": "kg",
                "packageAmount": 1.0,
                "description": null,
                "store": "Maxima",
                "availability": "active",
                "origin": null,
                "components": null,
                "image": "https://cdn.barbora.lt/products/7b58d874-9820-43e3-ac74-6d7f0146f60f_s.png"
            },
            {
                "itemName": "Gra\u017egars\u010di\u0173 lapai TASTY HOME (fasuoti), 200 g",
                "itemId": "000000000000181094",
                "itemUrl": "https://barbora.lt/produktai/grazgarsciu-lapai-tasty-home-fasuoti-200-g",
                "categoryFullPath": "Dar\u017eov\u0117s ir vaisiai/Dar\u017eov\u0117s/Salotos ir j\u0173 mi\u0161iniai",
                "labelPrice": 1.89,
                "pricePerUnit": 9.45,
                "units": "kg",
                "packageAmount": 1.0,
                "description": null,
                "store": "Maxima",
                "availability": "active",
                "origin": null,
                "components": null,
                "image": "https://cdn.barbora.lt/products/2133a82d-83ae-42a4-8f77-6699870f2b8e_s.png"
            },
            {
                "itemName": "Ridik\u0117liai, 300 g",
                "itemId": "000000000001086142",
                "itemUrl": "https://barbora.lt/produktai/ridikeliai-300-g",
                "categoryFullPath": "Dar\u017eov\u0117s ir vaisiai/Dar\u017eov\u0117s/Burok\u0117liai ir kiti \u0161akniavaisiai",
                "labelPrice": 1.69,
                "pricePerUnit": 5.63,
                "units": "kg",
                "packageAmount": 1.0,
                "description": null,
                "store": "Maxima",
                "availability": "active",
                "origin": null,
                "components": null,
                "image": "https://cdn.barbora.lt/products/db343f75-6e24-43c9-9c88-3a78fb33d8ff_s.png"
            },
            {
                "itemName": "M\u0117tos vazon\u0117lyje LINK\u0116JIMAI I\u0160 KAIMO, 100 g",
                "itemId": "000000000001044652",
                "itemUrl": "https://barbora.lt/produktai/metos-vazonelyje-linkejimai-is-kaimo-100-g",
                "categoryFullPath": "Dar\u017eov\u0117s ir vaisiai/Dar\u017eov\u0117s/Prieskonin\u0117s dar\u017eov\u0117s ir \u017eolel\u0117s",
                "labelPrice": 1.99,
                "pricePerUnit": 19.9,
                "units": "kg",
                "packageAmount": 1.0,
                "description": null,
                "store": "Maxima",
                "availability": "active",
                "origin": null,
                "components": null,
                "image": "https://cdn.barbora.lt/products/ac7a5b07-d1d1-4d7f-8246-e298cfb15a15_s.png"
            },
            {
                "itemName": "Lietuvi\u0161kos plautos morkos, 1 kg",
                "itemId": "000000000000180895",
                "itemUrl": "https://barbora.lt/produktai/lietuviskos-plautos-morkos-1-kg",
                "categoryFullPath": "Dar\u017eov\u0117s ir vaisiai/Dar\u017eov\u0117s/Bulv\u0117s, morkos ir kop\u016bstai",
                "labelPrice": 0.69,
                "pricePerUnit": 0.69,
                "units": "kg",
                "packageAmount": 0.2,
                "description": null,
                "store": "Maxima",
                "availability": "active",
                "origin": null,
                "components": null,
                "image": "https://cdn.barbora.lt/products/c19c320d-a3d6-4fa1-8454-6c5e09338908_s.png"
            },
            {
                "itemName": "Lietuvi\u0161kos \u0161vie\u017eios bulv\u0117s (40-60 mm), 1 kg",
                "itemId": "000000000001228340",
                "itemUrl": "https://barbora.lt/produktai/lietuviskos-sviezios-bulves-40-60-mm-1-kg",
                "categoryFullPath": "Dar\u017eov\u0117s ir vaisiai/Dar\u017eov\u0117s/Bulv\u0117s, morkos ir kop\u016bstai",
                "labelPrice": 0.69,
                "pricePerUnit": 0.69,
                "units": "kg",
                "packageAmount": 1.0,
                "description": null,
                "store": "Maxima",
                "availability": "active",
                "origin": null,
                "components": null,
                "image": "https://cdn.barbora.lt/products/11a65fd9-5036-4539-b6bb-1d0fbaf614ec_s.png"
            },
            {
                "itemName": "Lietuvi\u0161ki svog\u016bnai, 1 kg",
                "itemId": "000000000000180990",
                "itemUrl": "https://barbora.lt/produktai/svogunai-1-kg-80990",
                "categoryFullPath": "Dar\u017eov\u0117s ir vaisiai/Dar\u017eov\u0117s/Svog\u016bnai, porai ir \u010desnakai",
                "labelPrice": 0.45,
                "pricePerUnit": 0.45,
                "units": "kg",
                "packageAmount": 0.15,
                "description": null,
                "store": "Maxima",
                "availability": "active",
                "origin": null,
                "components": null,
                "image": "https://cdn.barbora.lt/products/53bf83ce-2f3f-4e63-8115-5d13a458f5b3_s.png"
            },
            {
                "itemName": "\u017daliosios bes\u0117kl\u0117s vynuog\u0117s SULTANA, 1 kg",
                "itemId": "000000000000182206",
                "itemUrl": "https://barbora.lt/produktai/zaliosios-besekles-vynuoges-sultana-1-kg",
                "categoryFullPath": "Dar\u017eov\u0117s ir vaisiai/Vaisiai ir uogos/Vynuog\u0117s ir uogos",
                "labelPrice": 2.79,
                "pricePerUnit": 2.79,
                "units": "kg",
                "packageAmount": 0.5,
                "description": null,
                "store": "Maxima",
                "availability": "active",
                "origin": null,
                "components": null,
                "image": "https://cdn.barbora.lt/products/eeaaf20a-2a24-49d7-a1ea-c3cf21d6bcdc_s.png"
            },
            {
                "itemName": "Did\u017eiosios kriau\u0161\u0117s CONFERENCE (65-75 mm), 1 kg",
                "itemId": "000000000000181713",
                "itemUrl": "https://barbora.lt/produktai/didziosios-kriauses-conference-65-75-mm-1-kg",
                "categoryFullPath": "Dar\u017eov\u0117s ir vaisiai/Vaisiai ir uogos/Obuoliai ir kriau\u0161\u0117s",
                "labelPrice": 1.29,
                "pricePerUnit": 1.29,
                "units": "kg",
                "packageAmount": 0.3,
                "description": null,
                "store": "Maxima",
                "availability": "active",
                "origin": null,
                "components": null,
                "image": "https://cdn.barbora.lt/products/34f5c4d1-4936-43c7-b7dd-b2bd9f796f7f_s.png"
            },
            {
                "itemName": "Avokadai READY TO EAT, 2 vnt., 2 vnt.",
                "itemId": "000000000001143233",
                "itemUrl": "https://barbora.lt/produktai/avokadai-ready-to-eat-2-vnt-2-vnt",
                "categoryFullPath": "Dar\u017eov\u0117s ir vaisiai/Vaisiai ir uogos/Avokadai",
                "labelPrice": 1.59,
                "pricePerUnit": 0.8,
                "units": "vnt.",
                "packageAmount": 1.0,
                "description": null,
                "store": "Maxima",
                "availability": "active",
                "origin": null,
                "components": null,
                "image": "https://cdn.barbora.lt/products/d8ca07ea-3adf-4763-a339-27ba497c0c11_s.png"
            },
            {
                "itemName": "G\u016b\u017ein\u0117s salotos ICEBERG, 1 vnt.",
                "itemId": "000000000000181137",
                "itemUrl": "https://barbora.lt/produktai/guzines-salotos-iceberg-1-vnt",
                "categoryFullPath": "Dar\u017eov\u0117s ir vaisiai/Dar\u017eov\u0117s/Salotos ir j\u0173 mi\u0161iniai",
                "labelPrice": 1.69,
                "pricePerUnit": 1.69,
                "units": "vnt.",
                "packageAmount": 1.0,
                "description": null,
                "store": "Maxima",
                "availability": "active",
                "origin": null,
                "components": null,
                "image": "https://cdn.barbora.lt/products/e9844b96-809d-4782-8548-4499d9e0476b_s.png"
            },
            {
                "itemName": "\u017daliosios cukinijos, 1 kg",
                "itemId": "000000000000181189",
                "itemUrl": "https://barbora.lt/produktai/zaliosios-cukinijos-1-kg",
                "categoryFullPath": "Dar\u017eov\u0117s ir vaisiai/Dar\u017eov\u0117s/Moli\u016bgai ir cukinijos",
                "labelPrice": 1.99,
                "pricePerUnit": 1.99,
                "units": "kg",
                "packageAmount": 0.4,
                "description": null,
                "store": "Maxima",
                "availability": "active",
                "origin": null,
                "components": null,
                "image": "https://cdn.barbora.lt/products/0c3dccdc-0dc1-4bb4-9c5a-e4c1bf54aacb_s.png"
            },
            {
                "itemName": "Apelsinai (4-5 d.), 1 kg",
                "itemId": "000000000000182343",
                "itemUrl": "https://barbora.lt/produktai/apelsinai-4-5-d-1-kg",
                "categoryFullPath": "Dar\u017eov\u0117s ir vaisiai/Vaisiai ir uogos/Citrusiniai vaisiai",
                "labelPrice": 1.49,
                "pricePerUnit": 1.49,
                "units": "kg",
                "packageAmount": 0.22,
                "description": null,
                "store": "Maxima",
                "availability": "active",
                "origin": null,
                "components": null,
                "image": "https://cdn.barbora.lt/products/46fc148c-a34b-4e79-944c-dde7e26f7860_s.png"
            },
            {
                "itemName": "M\u0117lynosios slyvos LEPOTICA (nuo 35 mm), 1 kg",
                "itemId": "000000000000182192",
                "itemUrl": "https://barbora.lt/produktai/melynosios-slyvos-lepotica-nuo-35-mm-1-kg",
                "categoryFullPath": "Dar\u017eov\u0117s ir vaisiai/Vaisiai ir uogos/Kaulavaisiai",
                "labelPrice": 0.69,
                "pricePerUnit": 0.69,
                "units": "kg",
                "packageAmount": 0.1,
                "description": null,
                "store": "Maxima",
                "availability": "active",
                "origin": null,
                "components": null,
                "image": "https://cdn.barbora.lt/products/de659d44-e692-4b87-9d3d-f393c3e8e770_s.png"
            },
            {
                "itemName": "Avokadas, 1 vnt.",
                "itemId": "000000000000182355",
                "itemUrl": "https://barbora.lt/produktai/avokadas-1-vnt",
                "categoryFullPath": "Dar\u017eov\u0117s ir vaisiai/Vaisiai ir uogos/Avokadai",
                "labelPrice": 0.79,
                "pricePerUnit": 0.79,
                "units": "vnt.",
                "packageAmount": 1.0,
                "description": null,
                "store": "Maxima",
                "availability": "active",
                "origin": null,
                "components": null,
                "image": "https://cdn.barbora.lt/products/d44545ce-a483-47e3-b0d5-79bde1f3bc9c_s.png"
            },
            {
                "itemName": "\u017daliosios bes\u0117kl\u0117s vynuog\u0117s, 500 g",
                "itemId": "000000000000182281",
                "itemUrl": "https://barbora.lt/produktai/zaliosios-besekles-vynuoges-500-g",
                "categoryFullPath": "Dar\u017eov\u0117s ir vaisiai/Vaisiai ir uogos/Vynuog\u0117s ir uogos",
                "labelPrice": 1.99,
                "pricePerUnit": 3.98,
                "units": "kg",
                "packageAmount": 1.0,
                "description": null,
                "store": "Maxima",
                "availability": "active",
                "origin": null,
                "components": null,
                "image": "https://cdn.barbora.lt/products/ed117a6d-d949-478f-9fa0-efdde131061f_s.png"
            },
            {
                "itemName": "Avietiniai pomidorai, 1 kg",
                "itemId": "000000000000791376",
                "itemUrl": "https://barbora.lt/produktai/avietiniai-pomidorai-1-kg",
                "categoryFullPath": "Dar\u017eov\u0117s ir vaisiai/Dar\u017eov\u0117s/Pomidorai ir agurkai",
                "labelPrice": 2.39,
                "pricePerUnit": 2.39,
                "units": "kg",
                "packageAmount": 0.16,
                "description": null,
                "store": "Maxima",
                "availability": "active",
                "origin": null,
                "components": null,
                "image": "https://cdn.barbora.lt/products/821f1b70-b3a8-4f75-b10b-656375b947bd_s.png"
            },
            {
                "itemName": "Baltag\u016b\u017eiai kop\u016bstai \u0161vie\u017ei lietuvi\u0161ki, 1 kg",
                "itemId": "000000000001228342",
                "itemUrl": "https://barbora.lt/produktai/baltaguziai-kopustai-sviezi-lietuviski-1-kg",
                "categoryFullPath": "Dar\u017eov\u0117s ir vaisiai/Dar\u017eov\u0117s/Bulv\u0117s, morkos ir kop\u016bstai",
                "labelPrice": 0.99,
                "pricePerUnit": 0.99,
                "units": "kg",
                "packageAmount": 3.6,
                "description": null,
                "store": "Maxima",
                "availability": "active",
                "origin": null,
                "components": null,
                "image": "https://cdn.barbora.lt/products/f0271cc6-2def-4454-82c8-14d4f3348e21_s.png"
            },
            {
                "itemName": "Batatai, 1 kg",
                "itemId": "000000000000180812",
                "itemUrl": "https://barbora.lt/produktai/batatai-1-kg",
                "categoryFullPath": "Dar\u017eov\u0117s ir vaisiai/Dar\u017eov\u0117s/Bulv\u0117s, morkos ir kop\u016bstai",
                "labelPrice": 2.39,
                "pricePerUnit": 2.39,
                "units": "kg",
                "packageAmount": 0.3,
                "description": null,
                "store": "Maxima",
                "availability": "active",
                "origin": null,
                "components": null,
                "image": "https://cdn.barbora.lt/products/66a19918-ce98-4579-8df0-3cae38201cfc_s.png"
            },
            {
                "itemName": "Lietuvi\u0161ki pomidorai, 1 kg",
                "itemId": "000000000000181270",
                "itemUrl": "https://barbora.lt/produktai/lietuviski-pomidorai-1-kg",
                "categoryFullPath": "Dar\u017eov\u0117s ir vaisiai/Dar\u017eov\u0117s/Pomidorai ir agurkai",
                "labelPrice": 2.99,
                "pricePerUnit": 2.99,
                "units": "kg",
                "packageAmount": 0.2,
                "description": null,
                "store": "Maxima",
                "availability": "active",
                "origin": null,
                "components": null,
                "image": "https://cdn.barbora.lt/products/6f611ecc-bd9c-460e-b12c-1810c9c6e5a3_s.png"
            },
            {
                "itemName": "\u017dalumyn\u0173 rinkinys: svog\u016bn\u0173 lai\u0161kai (50 g) ir krapai (20 g), 1 vnt.",
                "itemId": "000000000000783226",
                "itemUrl": "https://barbora.lt/produktai/zalumynu-rinkinys-svogunu-laiskai-50-g-ir-krapai-20-g-1-vnt",
                "categoryFullPath": "Dar\u017eov\u0117s ir vaisiai/Dar\u017eov\u0117s/Prieskonin\u0117s dar\u017eov\u0117s ir \u017eolel\u0117s",
                "labelPrice": 1.19,
                "pricePerUnit": 1.19,
                "units": "vnt.",
                "packageAmount": 1.0,
                "description": null,
                "store": "Maxima",
                "availability": "active",
                "origin": null,
                "components": null,
                "image": "https://cdn.barbora.lt/products/b585aafd-be06-41b9-979d-567d194492df_s.png"
            },
            {
                "itemName": "Rausvieji svog\u016bnai, 1 kg",
                "itemId": "000000000000180992",
                "itemUrl": "https://barbora.lt/produktai/rausvieji-svogunai-1-kg",
                "categoryFullPath": "Dar\u017eov\u0117s ir vaisiai/Dar\u017eov\u0117s/Svog\u016bnai, porai ir \u010desnakai",
                "labelPrice": 0.99,
                "pricePerUnit": 0.99,
                "units": "kg",
                "packageAmount": 0.15,
                "description": null,
                "store": "Maxima",
                "availability": "active",
                "origin": null,
                "components": null,
                "image": "https://cdn.barbora.lt/products/81cb7d76-dcbe-4154-ac5c-7ea2fd4119ef_s.png"
            },
            {
                "itemName": "Smulkiavaisiai pomidorai STRABENA, 300 g",
                "itemId": "000000000000181281",
                "itemUrl": "https://barbora.lt/produktai/smulkiavaisiai-pomidorai-strabena-300-g",
                "categoryFullPath": "Dar\u017eov\u0117s ir vaisiai/Dar\u017eov\u0117s/Pomidorai ir agurkai",
                "labelPrice": 2.49,
                "pricePerUnit": 8.3,
                "units": "kg",
                "packageAmount": 1.0,
                "description": null,
                "store": "Maxima",
                "availability": "active",
                "origin": null,
                "components": null,
                "image": "https://cdn.barbora.lt/products/923984ef-a2c9-4d77-8346-20038649d1ed_s.png"
            },
            {
                "itemName": "Smulkiavaisiai slyviniai pomidorai, 250 g",
                "itemId": "000000000000509531",
                "itemUrl": "https://barbora.lt/produktai/smulkiavaisiai-slyviniai-pomidorai-250-g",
                "categoryFullPath": "Dar\u017eov\u0117s ir vaisiai/Dar\u017eov\u0117s/Pomidorai ir agurkai",
                "labelPrice": 0.89,
                "pricePerUnit": 3.56,
                "units": "kg",
                "packageAmount": 1.0,
                "description": null,
                "store": "Maxima",
                "availability": "active",
                "origin": null,
                "components": null,
                "image": "https://cdn.barbora.lt/products/4c05a711-d08c-472d-b36b-8edf0e660c97_s.png"
            },
            {
                "itemName": "Ekologi\u0161ki bananai (fasuoti), 1 kg",
                "itemId": "000000000000736502",
                "itemUrl": "https://barbora.lt/produktai/ekologiski-bananai-fasuoti-1-kg",
                "categoryFullPath": "Dar\u017eov\u0117s ir vaisiai/Vaisiai ir uogos/Bananai",
                "labelPrice": 1.99,
                "pricePerUnit": 1.99,
                "units": "kg",
                "packageAmount": 1.5,
                "description": null,
                "store": "Maxima",
                "availability": "active",
                "origin": null,
                "components": null,
                "image": "https://cdn.barbora.lt/products/06c3253b-953c-435a-b1b8-df4a1069bec1_s.png"
            },
            {
                "itemName": "Ilgavaisis agurkas, 220 g",
                "itemId": "000000000001090737",
                "itemUrl": "https://barbora.lt/produktai/ilgavaisis-agurkas-220-g",
                "categoryFullPath": "Dar\u017eov\u0117s ir vaisiai/Dar\u017eov\u0117s/Pomidorai ir agurkai",
                "labelPrice": 1.49,
                "pricePerUnit": 6.77,
                "units": "kg",
                "packageAmount": 1.0,
                "description": null,
                "store": "Maxima",
                "availability": "active",
                "origin": null,
                "components": null,
                "image": "https://cdn.barbora.lt/products/5ed5b613-cd2f-4adf-9bc1-c56707754635_s.png"
            },
            {
                "itemName": "\u017daliosios citrinos, 1 kg",
                "itemId": "000000000000182332",
                "itemUrl": "https://barbora.lt/produktai/zaliosios-citrinos-1-kg",
                "categoryFullPath": "Dar\u017eov\u0117s ir vaisiai/Vaisiai ir uogos/Citrusiniai vaisiai",
                "labelPrice": 2.99,
                "pricePerUnit": 2.99,
                "units": "kg",
                "packageAmount": 0.1,
                "description": null,
                "store": "Maxima",
                "availability": "active",
                "origin": null,
                "components": null,
                "image": "https://cdn.barbora.lt/products/04781508-8291-473e-b915-55407d2a0365_s.png"
            },
            {
                "itemName": "Ma\u017eos kriau\u0161\u0117s CONFERENCE (45-55 mm) ma\u017eosios, 1 kg",
                "itemId": "000000000000181714",
                "itemUrl": "https://barbora.lt/produktai/mazos-kriauses-conference-45-55-mm-mazosios-1-kg",
                "categoryFullPath": "Dar\u017eov\u0117s ir vaisiai/Vaisiai ir uogos/Obuoliai ir kriau\u0161\u0117s",
                "labelPrice": 0.59,
                "pricePerUnit": 0.59,
                "units": "kg",
                "packageAmount": 0.1,
                "description": null,
                "store": "Maxima",
                "availability": "active",
                "origin": null,
                "components": null,
                "image": "https://cdn.barbora.lt/products/a9582a88-3552-47e8-8044-c3bea37d5f5c_s.png"
            }
        ]
    },
    {
        "category": "\r\n                        \u0160varos ir gyv\u016bn\u0173 prek\u0117s\r\n                    ",
        "categoryUrl": "https://barbora.lt/svaros-ir-gyvunu-prekes",
        "responseUrl": "https://barbora.lt/",
        "items": [
            {
                "itemName": "Ind\u0173 ploviklis TRI-BIO, 420 ml",
                "itemId": "000000000000933565",
                "itemUrl": "https://barbora.lt/produktai/indu-ploviklis-tri-bio-420-ml",
                "categoryFullPath": "\u0160varos ir gyv\u016bn\u0173 prek\u0117s/Ind\u0173 plovikliai/Priemon\u0117s indams plauti",
                "labelPrice": 2.55,
                "pricePerUnit": 6.07,
                "units": "l",
                "packageAmount": 1.0,
                "description": null,
                "store": "Maxima",
                "availability": "active",
                "origin": null,
                "components": null,
                "image": "https://cdn.barbora.lt/products/29fa2abb-89d8-459b-97c3-58734fd641e2_s.png"
            },
            {
                "itemName": "WC ir vonios valiklis TRI-BIO, 420 ml",
                "itemId": "000000000000714557",
                "itemUrl": "https://barbora.lt/produktai/wc-ir-vonios-valiklis-tri-bio-420-ml",
                "categoryFullPath": "\u0160varos ir gyv\u016bn\u0173 prek\u0117s/Buitin\u0117s chemijos prek\u0117s/Universal\u016bs valikliai",
                "labelPrice": 4.05,
                "pricePerUnit": 9.64,
                "units": "l",
                "packageAmount": 1.0,
                "description": null,
                "store": "Maxima",
                "availability": "active",
                "origin": null,
                "components": null,
                "image": "https://cdn.barbora.lt/products/1c9bbc8a-6596-42c4-91a4-b43d57a31466_s.png"
            },
            {
                "itemName": "Ekologi\u0161kas riebal\u0173 valiklis TRI-BIO, 420 ml",
                "itemId": "000000000000858170",
                "itemUrl": "https://barbora.lt/produktai/ekologiskas-riebalu-valiklis-tri-bio-420-ml",
                "categoryFullPath": "\u0160varos ir gyv\u016bn\u0173 prek\u0117s/Buitin\u0117s chemijos prek\u0117s/Virtuv\u0117s ir vonios kambario valikliai",
                "labelPrice": 4.29,
                "pricePerUnit": 10.21,
                "units": "l",
                "packageAmount": 1.0,
                "description": null,
                "store": "Maxima",
                "availability": "active",
                "origin": null,
                "components": null,
                "image": "https://cdn.barbora.lt/products/23733d6f-e4c0-46cc-9891-c42c68104e67_s.png"
            },
            {
                "itemName": "Ka\u010di\u0173 \u0117dalas BUTCHER'S su la\u0161i\u0161omis ir doradomis, 100 g",
                "itemId": "000000000001141540",
                "itemUrl": "https://barbora.lt/produktai/kaciu-edalas-butcher-s-su-lasisomis-ir-doradomis-100-g",
                "categoryFullPath": "\u0160varos ir gyv\u016bn\u0173 prek\u0117s/Gyv\u016bn\u0173 prek\u0117s/Ka\u010di\u0173 skan\u0117stai",
                "labelPrice": 1.09,
                "pricePerUnit": 10.9,
                "units": "kg",
                "packageAmount": 1.0,
                "description": null,
                "store": "Maxima",
                "availability": "active",
                "origin": null,
                "components": null,
                "image": "https://cdn.barbora.lt/products/3d04e217-ea1e-4797-85fe-a8a95b63a9ac_s.png"
            },
            {
                "itemName": "\u0160uns \u017eaislas TRIXIE (mazginis kamuolys, 7 cm), 1 vnt.",
                "itemId": "000000000000608403",
                "itemUrl": "https://barbora.lt/produktai/suns-zaislas-trixie-mazginis-kamuolys-7-cm-1-vnt",
                "categoryFullPath": "\u0160varos ir gyv\u016bn\u0173 prek\u0117s/Gyv\u016bn\u0173 prek\u0117s/Gyv\u016bn\u0173 aksesuarai",
                "labelPrice": 5.49,
                "pricePerUnit": 5.49,
                "units": "vnt.",
                "packageAmount": 1.0,
                "description": null,
                "store": "Maxima",
                "availability": "active",
                "origin": null,
                "components": null,
                "image": "https://cdn.barbora.lt/products/5006f585-a541-4526-a55c-b2e3c37ce0c2_s.png"
            },
            {
                "itemName": "\u0160uns \u017eaislas TRIXIE (19 cm, \u0161vie\u010diantis), 1 vnt.",
                "itemId": "000000000000286158",
                "itemUrl": "https://barbora.lt/produktai/suns-zaislas-trixie-19-cm-svieciantis-1-vnt",
                "categoryFullPath": "\u0160varos ir gyv\u016bn\u0173 prek\u0117s/Gyv\u016bn\u0173 prek\u0117s/Gyv\u016bn\u0173 aksesuarai",
                "labelPrice": 4.99,
                "pricePerUnit": 4.99,
                "units": "vnt.",
                "packageAmount": 1.0,
                "description": null,
                "store": "Maxima",
                "availability": "active",
                "origin": null,
                "components": null,
                "image": "https://cdn.barbora.lt/products/95715bb8-7d1c-482d-bef1-e49d43d2dc1d_s.png"
            },
            {
                "itemName": "\u0160uns \u017eaislas TRIXIE (cypiantis guminis kamuolys, 6 cm), 1 vnt.",
                "itemId": "000000000001024532",
                "itemUrl": "https://barbora.lt/produktai/suns-zaislas-trixie-cypiantis-guminis-kamuolys-6-cm-1-vnt",
                "categoryFullPath": "\u0160varos ir gyv\u016bn\u0173 prek\u0117s/Gyv\u016bn\u0173 prek\u0117s/Gyv\u016bn\u0173 aksesuarai",
                "labelPrice": 4.49,
                "pricePerUnit": 4.49,
                "units": "vnt.",
                "packageAmount": 1.0,
                "description": null,
                "store": "Maxima",
                "availability": "active",
                "origin": null,
                "components": null,
                "image": "https://cdn.barbora.lt/products/43a9a43f-8a86-4f9f-99ea-ece4ff54c60d_s.png"
            },
            {
                "itemName": "Lateksinis \u0161uns \u017eaislas TRIXIE (mini kiaul\u0117, 13 cm), 1 vnt.",
                "itemId": "000000000000286160",
                "itemUrl": "https://barbora.lt/produktai/lateksinis-suns-zaislas-trixie-mini-kiaule-13-cm-1-vnt",
                "categoryFullPath": "\u0160varos ir gyv\u016bn\u0173 prek\u0117s/Gyv\u016bn\u0173 prek\u0117s/Gyv\u016bn\u0173 aksesuarai",
                "labelPrice": 4.49,
                "pricePerUnit": 4.49,
                "units": "vnt.",
                "packageAmount": 1.0,
                "description": null,
                "store": "Maxima",
                "availability": "active",
                "origin": null,
                "components": null,
                "image": "https://cdn.barbora.lt/products/83ed2ffe-e3dd-478f-b76e-91b6cc9b1508_s.png"
            },
            {
                "itemName": "\u0160uns \u017eaislas TRIXIE (lateksin\u0117 \u017eiurk\u0117, 22 cm), 1 vnt.",
                "itemId": "000000000001121381",
                "itemUrl": "https://barbora.lt/produktai/suns-zaislas-trixie-lateksine-ziurke-22-cm-1-vnt",
                "categoryFullPath": "\u0160varos ir gyv\u016bn\u0173 prek\u0117s/Gyv\u016bn\u0173 prek\u0117s/Gyv\u016bn\u0173 aksesuarai",
                "labelPrice": 5.99,
                "pricePerUnit": 5.99,
                "units": "vnt.",
                "packageAmount": 1.0,
                "description": null,
                "store": "Maxima",
                "availability": "active",
                "origin": null,
                "components": null,
                "image": "https://cdn.barbora.lt/products/f78102e7-985b-4316-8e6a-a455e33cd94e_s.png"
            },
            {
                "itemName": "\u0160uns \u017eaislas TRIXIE (dygliuotas kamuolys, 10 cm), 1 vnt.",
                "itemId": "000000000000286157",
                "itemUrl": "https://barbora.lt/produktai/suns-zaislas-trixie-dygliuotas-kamuolys-10-cm-1-vnt",
                "categoryFullPath": "\u0160varos ir gyv\u016bn\u0173 prek\u0117s/Gyv\u016bn\u0173 prek\u0117s/Gyv\u016bn\u0173 aksesuarai",
                "labelPrice": 6.99,
                "pricePerUnit": 6.99,
                "units": "vnt.",
                "packageAmount": 1.0,
                "description": null,
                "store": "Maxima",
                "availability": "active",
                "origin": null,
                "components": null,
                "image": "https://cdn.barbora.lt/products/a707af9c-ca8b-49d8-8f88-bd574a050879_s.png"
            },
            {
                "itemName": "\u0160uns \u017eaislas PAWISE (kamuolys, 5,5 cm), 1 vnt.",
                "itemId": "000000000001024542",
                "itemUrl": "https://barbora.lt/produktai/suns-zaislas-pawise-kamuolys-5-5-cm-1-vnt",
                "categoryFullPath": "\u0160varos ir gyv\u016bn\u0173 prek\u0117s/Gyv\u016bn\u0173 prek\u0117s/Gyv\u016bn\u0173 aksesuarai",
                "labelPrice": 5.99,
                "pricePerUnit": 5.99,
                "units": "vnt.",
                "packageAmount": 1.0,
                "description": null,
                "store": "Maxima",
                "availability": "active",
                "origin": null,
                "components": null,
                "image": "https://cdn.barbora.lt/products/4c5107b7-1092-44b1-996a-57eb204fbbfb_s.png"
            },
            {
                "itemName": "Skalbiamasis gelis PERSIL COLOR, 5 l",
                "itemId": "000000000001142506",
                "itemUrl": "https://barbora.lt/produktai/skalbiamasis-gelis-persil-color-5-l",
                "categoryFullPath": "\u0160varos ir gyv\u016bn\u0173 prek\u0117s/Skalbimo priemon\u0117s/Skystos skalbimo priemon\u0117s",
                "labelPrice": 22.99,
                "pricePerUnit": 4.6,
                "units": "l",
                "packageAmount": 1.0,
                "description": null,
                "store": "Maxima",
                "availability": "active",
                "origin": null,
                "components": null,
                "image": "https://cdn.barbora.lt/products/e530496a-5802-41bd-bc1e-8c89ba19d7cc_s.png"
            },
            {
                "itemName": "Kvapiosios granul\u0117s LENOR AMETHYST&FLORAL BOUQUET, 210 g",
                "itemId": "000000000001186369",
                "itemUrl": "https://barbora.lt/produktai/kvapiosios-granules-lenor-amethyst-floral-bouquet-210-g",
                "categoryFullPath": "\u0160varos ir gyv\u016bn\u0173 prek\u0117s/Skalbimo priemon\u0117s/Skalbini\u0173 mink\u0161tikliai",
                "labelPrice": 9.49,
                "pricePerUnit": 45.19,
                "units": "kg",
                "packageAmount": 1.0,
                "description": null,
                "store": "Maxima",
                "availability": "active",
                "origin": null,
                "components": null,
                "image": "https://cdn.barbora.lt/products/7b2abdd7-07fe-4b7f-9cd4-8ba73f9e9983_s.png"
            },
            {
                "itemName": "\u0160un\u0173 pa\u0161aro papildas NATURE LIVING (d\u017eiovinta antiena), 75 g",
                "itemId": "000000000000923771",
                "itemUrl": "https://barbora.lt/produktai/sunu-pasaro-papildas-nature-living-dziovinta-antiena-75-g",
                "categoryFullPath": "\u0160varos ir gyv\u016bn\u0173 prek\u0117s/Gyv\u016bn\u0173 prek\u0117s/\u0160un\u0173 skan\u0117stai",
                "labelPrice": 2.31,
                "pricePerUnit": 30.8,
                "units": "kg",
                "packageAmount": 1.0,
                "description": null,
                "store": "Maxima",
                "availability": "active",
                "origin": null,
                "components": null,
                "image": "https://cdn.barbora.lt/products/d89d979e-b180-420e-bb83-05bfb282bf58_s.png"
            },
            {
                "itemName": "Skalb. milteliai REX AMAZONIAN FRESHNESS (18 skalbim\u0173), 1.17 kg",
                "itemId": "000000000001185137",
                "itemUrl": "https://barbora.lt/produktai/skalb-milteliai-rex-amazonian-freshness-18-skalbimu-1-17-kg",
                "categoryFullPath": "\u0160varos ir gyv\u016bn\u0173 prek\u0117s/Skalbimo priemon\u0117s/Skalbiamieji milteliai",
                "labelPrice": 4.99,
                "pricePerUnit": 4.27,
                "units": "kg",
                "packageAmount": 1.0,
                "description": null,
                "store": "Maxima",
                "availability": "active",
                "origin": null,
                "components": null,
                "image": "https://cdn.barbora.lt/products/28e9bfc1-05b6-4bfd-a287-1db80531ccee_s.png"
            },
            {
                "itemName": "Skalb. milteliai BONUX COLOR CARING LAVENDER (20 skalb.), 1.5 kg",
                "itemId": "000000000001197649",
                "itemUrl": "https://barbora.lt/produktai/skalb-milteliai-bonux-color-caring-lavender-20-skalb-1-5-kg",
                "categoryFullPath": "\u0160varos ir gyv\u016bn\u0173 prek\u0117s/Skalbimo priemon\u0117s/Skalbiamieji milteliai",
                "labelPrice": 5.79,
                "pricePerUnit": 3.86,
                "units": "kg",
                "packageAmount": 1.0,
                "description": null,
                "store": "Maxima",
                "availability": "active",
                "origin": null,
                "components": null,
                "image": "https://cdn.barbora.lt/products/fb1faa3e-8d68-4ade-82c6-1599b944e150_s.png"
            },
            {
                "itemName": "Skalb. milteliai BONUX WHITE POLAR ICE FRESH (4 skalb.), 300 g",
                "itemId": "000000000001197647",
                "itemUrl": "https://barbora.lt/produktai/skalb-milteliai-bonux-white-polar-ice-fresh-4-skalb-300-g",
                "categoryFullPath": "\u0160varos ir gyv\u016bn\u0173 prek\u0117s/Skalbimo priemon\u0117s/Skalbiamieji milteliai",
                "labelPrice": 1.39,
                "pricePerUnit": 4.63,
                "units": "kg",
                "packageAmount": 1.0,
                "description": null,
                "store": "Maxima",
                "availability": "active",
                "origin": null,
                "components": null,
                "image": "https://cdn.barbora.lt/products/1d6ff14a-e3e6-4881-b82c-977a50684ab8_s.png"
            },
            {
                "itemName": "Skystasis skalbiklis BONUX COLOR RADIANT ROSE (20 skalb.), 1.1 l",
                "itemId": "000000000001197652",
                "itemUrl": "https://barbora.lt/produktai/skystasis-skalbiklis-bonux-color-radiant-rose-20-skalb-1-1-l",
                "categoryFullPath": "\u0160varos ir gyv\u016bn\u0173 prek\u0117s/Skalbimo priemon\u0117s/Skystos skalbimo priemon\u0117s",
                "labelPrice": 5.79,
                "pricePerUnit": 5.26,
                "units": "l",
                "packageAmount": 1.0,
                "description": null,
                "store": "Maxima",
                "availability": "active",
                "origin": null,
                "components": null,
                "image": "https://cdn.barbora.lt/products/a73466b3-8364-4821-b842-3fef633cd0e0_s.png"
            },
            {
                "itemName": "Skalb. milteliai BONUX WHITE POLAR ICE FRESH (40 skalb.), 3 kg",
                "itemId": "000000000001197651",
                "itemUrl": "https://barbora.lt/produktai/skalb-milteliai-bonux-white-polar-ice-fresh-40-skalb-3-kg",
                "categoryFullPath": "\u0160varos ir gyv\u016bn\u0173 prek\u0117s/Skalbimo priemon\u0117s/Skalbiamieji milteliai",
                "labelPrice": 10.19,
                "pricePerUnit": 3.4,
                "units": "kg",
                "packageAmount": 1.0,
                "description": null,
                "store": "Maxima",
                "availability": "active",
                "origin": null,
                "components": null,
                "image": "https://cdn.barbora.lt/products/28acddc8-0e36-44d5-9ad4-54e8a4222cc1_s.png"
            },
            {
                "itemName": "Skystasis skalbiklis BONUX WHITE POLAR ICE FRESH (20 skalb.), 1.1 l",
                "itemId": "000000000001193503",
                "itemUrl": "https://barbora.lt/produktai/skystasis-skalbiklis-bonux-white-polar-ice-fresh-20-skalb-1-1-l",
                "categoryFullPath": "\u0160varos ir gyv\u016bn\u0173 prek\u0117s/Skalbimo priemon\u0117s/Skystos skalbimo priemon\u0117s",
                "labelPrice": 5.79,
                "pricePerUnit": 5.26,
                "units": "l",
                "packageAmount": 1.0,
                "description": null,
                "store": "Maxima",
                "availability": "active",
                "origin": null,
                "components": null,
                "image": "https://cdn.barbora.lt/products/ac9eff15-6e69-41e0-9bd6-cf4366e9f7ec_s.png"
            },
            {
                "itemName": "Skalb. milteliai BONUX COLOR RADIANT ROSE (20 skalb.), 1.5 kg",
                "itemId": "000000000001197648",
                "itemUrl": "https://barbora.lt/produktai/skalb-milteliai-bonux-color-radiant-rose-20-skalb-1-5-kg",
                "categoryFullPath": "\u0160varos ir gyv\u016bn\u0173 prek\u0117s/Skalbimo priemon\u0117s/Skalbiamieji milteliai",
                "labelPrice": 5.79,
                "pricePerUnit": 3.86,
                "units": "kg",
                "packageAmount": 1.0,
                "description": null,
                "store": "Maxima",
                "availability": "active",
                "origin": null,
                "components": null,
                "image": "https://cdn.barbora.lt/products/939439ae-b08e-4f77-84c0-a5ac9fe4927d_s.png"
            },
            {
                "itemName": "Skalb. milteliai BONUX WHITE POLAR ICE FRESH (20 skalb.), 1.5 kg",
                "itemId": "000000000001192759",
                "itemUrl": "https://barbora.lt/produktai/skalb-milteliai-bonux-white-polar-ice-fresh-20-skalb-1-5-kg",
                "categoryFullPath": "\u0160varos ir gyv\u016bn\u0173 prek\u0117s/Skalbimo priemon\u0117s/Skalbiamieji milteliai",
                "labelPrice": 5.79,
                "pricePerUnit": 3.86,
                "units": "kg",
                "packageAmount": 1.0,
                "description": null,
                "store": "Maxima",
                "availability": "active",
                "origin": null,
                "components": null,
                "image": "https://cdn.barbora.lt/products/087a5a56-0461-48dc-8cf4-3cd34db413b7_s.png"
            },
            {
                "itemName": "Skystasis skalbiklis BONUX COLOR PURE MAGNOLIA (40 skalb.), 2.2 l",
                "itemId": "000000000001197654",
                "itemUrl": "https://barbora.lt/produktai/skystasis-skalbiklis-bonux-color-pure-magnolia-40-skalb-2-2-l",
                "categoryFullPath": "\u0160varos ir gyv\u016bn\u0173 prek\u0117s/Skalbimo priemon\u0117s/Skystos skalbimo priemon\u0117s",
                "labelPrice": 10.29,
                "pricePerUnit": 4.68,
                "units": "l",
                "packageAmount": 1.0,
                "description": null,
                "store": "Maxima",
                "availability": "active",
                "origin": null,
                "components": null,
                "image": "https://cdn.barbora.lt/products/c6d48217-dfdd-442f-8ae4-ae69a8db4559_s.png"
            },
            {
                "itemName": "Skystasis skalbiklis BONUX WHITE POLAR ICE FRESH (40 skalb.), 2.2 l",
                "itemId": "000000000001197653",
                "itemUrl": "https://barbora.lt/produktai/skystasis-skalbiklis-bonux-white-polar-ice-fresh-40-skalb-2-2-l",
                "categoryFullPath": "\u0160varos ir gyv\u016bn\u0173 prek\u0117s/Skalbimo priemon\u0117s/Skystos skalbimo priemon\u0117s",
                "labelPrice": 10.29,
                "pricePerUnit": 4.68,
                "units": "l",
                "packageAmount": 1.0,
                "description": null,
                "store": "Maxima",
                "availability": "active",
                "origin": null,
                "components": null,
                "image": "https://cdn.barbora.lt/products/a673a555-2d7f-4f2d-aa5f-78fe676d3b8f_s.png"
            },
            {
                "itemName": "Indaplovi\u0173 tablet\u0117s FINISH QUANTUM ULTIMATE, 40 vnt.",
                "itemId": "000000000001204796",
                "itemUrl": "https://barbora.lt/produktai/indaploviu-tabletes-finish-quantum-ultimate-40-vnt",
                "categoryFullPath": "\u0160varos ir gyv\u016bn\u0173 prek\u0117s/Ind\u0173 plovikliai/Plovimo priemon\u0117s indaplov\u0117ms",
                "labelPrice": 21.99,
                "pricePerUnit": 0.55,
                "units": "vnt.",
                "packageAmount": 1.0,
                "description": null,
                "store": "Maxima",
                "availability": "active",
                "origin": null,
                "components": null,
                "image": "https://cdn.barbora.lt/products/351ba857-c77d-4d87-9e24-5813e7ee26b2_s.png"
            },
            {
                "itemName": "Skalbiamosios kapsul\u0117s BONUX PURE MAGNOLIA, 22 vnt.",
                "itemId": "000000000001195087",
                "itemUrl": "https://barbora.lt/produktai/skalbiamosios-kapsules-bonux-pure-magnolia-22-vnt",
                "categoryFullPath": "\u0160varos ir gyv\u016bn\u0173 prek\u0117s/Skalbimo priemon\u0117s/Skystos skalbimo priemon\u0117s",
                "labelPrice": 10.19,
                "pricePerUnit": 0.46,
                "units": "vnt.",
                "packageAmount": 1.0,
                "description": null,
                "store": "Maxima",
                "availability": "active",
                "origin": null,
                "components": null,
                "image": "https://cdn.barbora.lt/products/a021a634-fa2d-4d0e-9ce7-454b66a200f1_s.png"
            },
            {
                "itemName": "Popieriniai rank\u0161luos\u010diai KLEENEX JUMBO (2 sluoksni\u0173), 1 vnt.",
                "itemId": "000000000000767479",
                "itemUrl": "https://barbora.lt/produktai/popieriniai-ranksluosciai-kleenex-jumbo-2-sluoksniu-1-vnt",
                "categoryFullPath": "\u0160varos ir gyv\u016bn\u0173 prek\u0117s/Popieriniai gaminiai/Popieriniai rank\u0161luos\u010diai",
                "labelPrice": 5.99,
                "pricePerUnit": 5.99,
                "units": "vnt.",
                "packageAmount": 1.0,
                "description": null,
                "store": "Maxima",
                "availability": "active",
                "origin": null,
                "components": null,
                "image": "https://cdn.barbora.lt/products/f7e9e83b-5ce5-43d9-80d5-a1644fc668ed_s.png"
            },
            {
                "itemName": "Tualetinis popierius FAVORIT ORANGE (3 sluoksni\u0173), 8 vnt.",
                "itemId": "000000000001120612",
                "itemUrl": "https://barbora.lt/produktai/tualetinis-popierius-favorit-orange-3-sluoksniu-8-vnt",
                "categoryFullPath": "\u0160varos ir gyv\u016bn\u0173 prek\u0117s/Popieriniai gaminiai/Tualetinis popierius ",
                "labelPrice": 2.79,
                "pricePerUnit": 0.35,
                "units": "vnt.",
                "packageAmount": 1.0,
                "description": null,
                "store": "Maxima",
                "availability": "active",
                "origin": null,
                "components": null,
                "image": "https://cdn.barbora.lt/products/e4bc4e79-3047-446d-aca7-b134634b780e_s.png"
            },
            {
                "itemName": "Vienkartin\u0117s nosinait\u0117s FAVORIT, 3 sl., 90 vnt.",
                "itemId": "000000000001026865",
                "itemUrl": "https://barbora.lt/produktai/vienkartines-nosinaites-favorit-3-sl-90-vnt",
                "categoryFullPath": "\u0160varos ir gyv\u016bn\u0173 prek\u0117s/Popieriniai gaminiai/Popierin\u0117s nosinait\u0117s",
                "labelPrice": 0.99,
                "pricePerUnit": 0.01,
                "units": "vnt.",
                "packageAmount": 1.0,
                "description": null,
                "store": "Maxima",
                "availability": "active",
                "origin": null,
                "components": null,
                "image": "https://cdn.barbora.lt/products/a5c183a8-ccfe-4dcc-b1f4-248a8b1a4bfc_s.png"
            },
            {
                "itemName": "Popieriniai rank\u0161luos\u010diai FAVORIT, 1 vnt.",
                "itemId": "000000000001026863",
                "itemUrl": "https://barbora.lt/produktai/popieriniai-ranksluosciai-favorit-1-vnt",
                "categoryFullPath": "\u0160varos ir gyv\u016bn\u0173 prek\u0117s/Popieriniai gaminiai/Popieriniai rank\u0161luos\u010diai",
                "labelPrice": 2.39,
                "pricePerUnit": 2.39,
                "units": "vnt.",
                "packageAmount": 1.0,
                "description": null,
                "store": "Maxima",
                "availability": "active",
                "origin": null,
                "components": null,
                "image": "https://cdn.barbora.lt/products/18a2b8fa-276f-401b-a15b-6796fba10e9c_s.png"
            },
            {
                "itemName": "Tualetinis popierius FAVORIT RECYCLED (3 sluoksni\u0173), 8 vnt.",
                "itemId": "000000000001227249",
                "itemUrl": "https://barbora.lt/produktai/tualetinis-popierius-favorit-recycled-3-sluoksniu-8-vnt",
                "categoryFullPath": "\u0160varos ir gyv\u016bn\u0173 prek\u0117s/Popieriniai gaminiai/Tualetinis popierius ",
                "labelPrice": 1.99,
                "pricePerUnit": 0.25,
                "units": "vnt.",
                "packageAmount": 1.0,
                "description": null,
                "store": "Maxima",
                "availability": "active",
                "origin": null,
                "components": null,
                "image": "https://cdn.barbora.lt/products/e40e94fd-bcba-4bd2-b56b-90190849e4bc_s.png"
            },
            {
                "itemName": "Popieriniai rank\u0161luos\u010diai GRITE ORCHIDEA (3 sluoksni\u0173), 1 vnt.",
                "itemId": "000000000001043237",
                "itemUrl": "https://barbora.lt/produktai/popieriniai-ranksluosciai-grite-orchidea-3-sluoksniu-1-vnt",
                "categoryFullPath": "\u0160varos ir gyv\u016bn\u0173 prek\u0117s/Popieriniai gaminiai/Popieriniai rank\u0161luos\u010diai",
                "labelPrice": 3.69,
                "pricePerUnit": 3.69,
                "units": "vnt.",
                "packageAmount": 1.0,
                "description": null,
                "store": "Maxima",
                "availability": "active",
                "origin": null,
                "components": null,
                "image": "https://cdn.barbora.lt/products/e42f2a20-2244-4d54-a637-13bc9d002f0b_s.png"
            },
            {
                "itemName": "Silikagelio ka\u010di\u0173 kraikas KLUMPE CRYSTAL CLEAR, 3.8 l",
                "itemId": "000000000000638609",
                "itemUrl": "https://barbora.lt/produktai/silikagelio-kaciu-kraikas-klumpe-crystal-clear-3-8-l",
                "categoryFullPath": "\u0160varos ir gyv\u016bn\u0173 prek\u0117s/Gyv\u016bn\u0173 prek\u0117s/Gyv\u016bn\u0173 kraikas ",
                "labelPrice": 4.99,
                "pricePerUnit": 1.31,
                "units": "l",
                "packageAmount": 1.0,
                "description": null,
                "store": "Maxima",
                "availability": "active",
                "origin": null,
                "components": null,
                "image": "https://cdn.barbora.lt/products/2209722a-7397-4fe7-ae0c-641b8c1ce667_s.png"
            },
            {
                "itemName": "U\u017eri\u0161ami \u0161iuk\u0161li\u0173 mai\u0161ai HOME EXPERT (60 l), 10 vnt.",
                "itemId": "000000000000200687",
                "itemUrl": "https://barbora.lt/produktai/uzrisami-siuksliu-maisai-home-expert-60-l-10-vnt",
                "categoryFullPath": "\u0160varos ir gyv\u016bn\u0173 prek\u0117s/PRIEMON\u0116S VALYMUI/\u0160iuk\u0161li\u0173 mai\u0161ai",
                "labelPrice": 1.19,
                "pricePerUnit": 0.12,
                "units": "vnt.",
                "packageAmount": 1.0,
                "description": null,
                "store": "Maxima",
                "availability": "active",
                "origin": null,
                "components": null,
                "image": "https://cdn.barbora.lt/products/5812890f-eef2-4877-a796-4de9bb43a068_s.png"
            },
            {
                "itemName": "Su\u0161okantis ka\u010di\u0173 kraikas LOVETT, 5 l",
                "itemId": "000000000001253801",
                "itemUrl": "https://barbora.lt/produktai/susokantis-kaciu-kraikas-lovett-5-l",
                "categoryFullPath": "\u0160varos ir gyv\u016bn\u0173 prek\u0117s/Gyv\u016bn\u0173 prek\u0117s/Gyv\u016bn\u0173 kraikas ",
                "labelPrice": 2.69,
                "pricePerUnit": 0.54,
                "units": "l",
                "packageAmount": 1.0,
                "description": null,
                "store": "Maxima",
                "availability": "active",
                "origin": null,
                "components": null,
                "image": "https://cdn.barbora.lt/products/c6e4692a-9078-4059-a8aa-104be84bac23_s.png"
            },
            {
                "itemName": "Ekolog. indaplovi\u0173 tablet\u0117s FROSCH ALL-IN-ONE SODA su soda, 30 vnt.",
                "itemId": "000000000000674956",
                "itemUrl": "https://barbora.lt/produktai/ekolog-indaploviu-tabletes-frosch-all-in-one-soda-su-soda-30-vnt",
                "categoryFullPath": "\u0160varos ir gyv\u016bn\u0173 prek\u0117s/Ind\u0173 plovikliai/Plovimo priemon\u0117s indaplov\u0117ms",
                "labelPrice": 7.69,
                "pricePerUnit": 0.26,
                "units": "vnt.",
                "packageAmount": 1.0,
                "description": null,
                "store": "Maxima",
                "availability": "active",
                "origin": null,
                "components": null,
                "image": "https://cdn.barbora.lt/products/6f311157-4f26-40fa-b5fc-cd8d2230f150_s.png"
            },
            {
                "itemName": "U\u017eri\u0161ami \u0161iuk\u0161li\u0173 mai\u0161ai HOME EXPERT (35 l), 15 vnt.",
                "itemId": "000000000000200685",
                "itemUrl": "https://barbora.lt/produktai/uzrisami-siuksliu-maisai-home-expert-35-l-15-vnt",
                "categoryFullPath": "\u0160varos ir gyv\u016bn\u0173 prek\u0117s/PRIEMON\u0116S VALYMUI/\u0160iuk\u0161li\u0173 mai\u0161ai",
                "labelPrice": 1.19,
                "pricePerUnit": 0.08,
                "units": "vnt.",
                "packageAmount": 1.0,
                "description": null,
                "store": "Maxima",
                "availability": "active",
                "origin": null,
                "components": null,
                "image": "https://cdn.barbora.lt/products/af73ea41-6f24-4802-9734-781172215177_s.png"
            },
            {
                "itemName": "WC valiklis HARPIC MAX DESINFECT, 750 ml",
                "itemId": "000000000000871627",
                "itemUrl": "https://barbora.lt/produktai/wc-valiklis-harpic-max-desinfect-750-ml",
                "categoryFullPath": "\u0160varos ir gyv\u016bn\u0173 prek\u0117s/Buitin\u0117s chemijos prek\u0117s/Skystieji WC valikliai - gaivikliai",
                "labelPrice": 3.19,
                "pricePerUnit": 4.25,
                "units": "l",
                "packageAmount": 1.0,
                "description": null,
                "store": "Maxima",
                "availability": "active",
                "origin": null,
                "components": null,
                "image": "https://cdn.barbora.lt/products/59128848-bbd6-4935-ba1d-3de490dba8e5_s.png"
            },
            {
                "itemName": "Vienkartin\u0117s nosinait\u0117s BLOOM (4 sluoksni\u0173), 100 vnt.",
                "itemId": "000000000001046744",
                "itemUrl": "https://barbora.lt/produktai/vienkartines-nosinaites-bloom-4-sluoksniu-100-vnt",
                "categoryFullPath": "\u0160varos ir gyv\u016bn\u0173 prek\u0117s/Popieriniai gaminiai/Popierin\u0117s nosinait\u0117s",
                "labelPrice": 1.59,
                "pricePerUnit": 0.02,
                "units": "vnt.",
                "packageAmount": 1.0,
                "description": null,
                "store": "Maxima",
                "availability": "active",
                "origin": null,
                "components": null,
                "image": "https://cdn.barbora.lt/products/bc17ef5c-f282-4229-a80d-fd9db39914d5_s.png"
            },
            {
                "itemName": "\u0160iuk\u0161li\u0173 mai\u0161ai HOME EXPERT STRONG (60 l), 10 vnt.",
                "itemId": "000000000000597312",
                "itemUrl": "https://barbora.lt/produktai/siuksliu-maisai-home-expert-strong-60-l-10-vnt",
                "categoryFullPath": "\u0160varos ir gyv\u016bn\u0173 prek\u0117s/PRIEMON\u0116S VALYMUI/\u0160iuk\u0161li\u0173 mai\u0161ai",
                "labelPrice": 0.99,
                "pricePerUnit": 0.1,
                "units": "vnt.",
                "packageAmount": 1.0,
                "description": null,
                "store": "Maxima",
                "availability": "active",
                "origin": null,
                "components": null,
                "image": "https://cdn.barbora.lt/products/633abf6e-0f45-4e5f-9442-fe7b0fc37e4f_s.png"
            },
            {
                "itemName": "Ekologi\u0161kas ind\u0173 ploviklis BALANCE, 1 l",
                "itemId": "000000000001026813",
                "itemUrl": "https://barbora.lt/produktai/ekologiskas-indu-ploviklis-balance-1-l",
                "categoryFullPath": "\u0160varos ir gyv\u016bn\u0173 prek\u0117s/Ind\u0173 plovikliai/Priemon\u0117s indams plauti",
                "labelPrice": 3.59,
                "pricePerUnit": 3.59,
                "units": "l",
                "packageAmount": 1.0,
                "description": null,
                "store": "Maxima",
                "availability": "active",
                "origin": null,
                "components": null,
                "image": "https://cdn.barbora.lt/products/8a78b232-c162-452f-a172-d7599b5a9f53_s.png"
            },
            {
                "itemName": "Tualetinis popierius ZEWA DELUXE WHITE (3 sluoksni\u0173), 8 vnt.",
                "itemId": "000000000000675489",
                "itemUrl": "https://barbora.lt/produktai/tualetinis-popierius-zewa-deluxe-white-3-sluoksniu-8-vnt",
                "categoryFullPath": "\u0160varos ir gyv\u016bn\u0173 prek\u0117s/Popieriniai gaminiai/Tualetinis popierius ",
                "labelPrice": 5.39,
                "pricePerUnit": 0.67,
                "units": "vnt.",
                "packageAmount": 1.0,
                "description": null,
                "store": "Maxima",
                "availability": "active",
                "origin": null,
                "components": null,
                "image": "https://cdn.barbora.lt/products/4e8ce6b1-aead-4f72-afa0-55688925e8cc_s.png"
            },
            {
                "itemName": "Popieriniai rank\u0161luos\u010diai ZEWA WISCH&WEG DESIGN (2 sluoksn.), 2 vnt.",
                "itemId": "000000000000017127",
                "itemUrl": "https://barbora.lt/produktai/popieriniai-ranksluosciai-zewa-wisch-weg-design-2-sluoksn-2-vnt",
                "categoryFullPath": "\u0160varos ir gyv\u016bn\u0173 prek\u0117s/Popieriniai gaminiai/Popieriniai rank\u0161luos\u010diai",
                "labelPrice": 4.49,
                "pricePerUnit": 2.25,
                "units": "vnt.",
                "packageAmount": 1.0,
                "description": null,
                "store": "Maxima",
                "availability": "active",
                "origin": null,
                "components": null,
                "image": "https://cdn.barbora.lt/products/e02b78d2-b0d4-411d-b16e-69868ca6404f_s.png"
            },
            {
                "itemName": "Ind\u0173 kempin\u0117l\u0117s SPONTEX (10 vnt.), 10 vnt.",
                "itemId": "000000000000760826",
                "itemUrl": "https://barbora.lt/produktai/indu-kempineles-spontex-10-vnt-10-vnt",
                "categoryFullPath": "\u0160varos ir gyv\u016bn\u0173 prek\u0117s/PRIEMON\u0116S VALYMUI/\u0160luost\u0117s, kempin\u0117l\u0117s ir \u0161epe\u010diai",
                "labelPrice": 1.99,
                "pricePerUnit": 0.2,
                "units": "vnt.",
                "packageAmount": 1.0,
                "description": null,
                "store": "Maxima",
                "availability": "active",
                "origin": null,
                "components": null,
                "image": "https://cdn.barbora.lt/products/16068bbb-aaa5-4304-93cd-00f28fd01451_s.png"
            },
            {
                "itemName": "Popieriniai rank\u0161luos\u010diai SOFTELLA (3 sluoksni\u0173), 2 vnt.",
                "itemId": "000000000001272606",
                "itemUrl": "https://barbora.lt/produktai/popieriniai-ranksluosciai-softella-3-sluoksniu-2-vnt",
                "categoryFullPath": "\u0160varos ir gyv\u016bn\u0173 prek\u0117s/Popieriniai gaminiai/Popieriniai rank\u0161luos\u010diai",
                "labelPrice": 2.59,
                "pricePerUnit": 1.3,
                "units": "vnt.",
                "packageAmount": 1.0,
                "description": null,
                "store": "Maxima",
                "availability": "active",
                "origin": null,
                "components": null,
                "image": "https://cdn.barbora.lt/products/f7159bbd-49c4-4ba5-b616-5ad5dffa0071_s.png"
            },
            {
                "itemName": "Popieriniai rank\u0161luos\u010diai ZEWA KLASSIK (2 sluoksni\u0173), 2 vnt.",
                "itemId": "000000000000512994",
                "itemUrl": "https://barbora.lt/produktai/popieriniai-ranksluosciai-zewa-klassik-2-sluoksniu-2-vnt",
                "categoryFullPath": "\u0160varos ir gyv\u016bn\u0173 prek\u0117s/Popieriniai gaminiai/Popieriniai rank\u0161luos\u010diai",
                "labelPrice": 1.89,
                "pricePerUnit": 0.95,
                "units": "vnt.",
                "packageAmount": 1.0,
                "description": null,
                "store": "Maxima",
                "availability": "active",
                "origin": null,
                "components": null,
                "image": "https://cdn.barbora.lt/products/e33df675-8e0a-40f2-98fb-047fee950278_s.png"
            },
            {
                "itemName": "Pur\u0161kiamas d\u0117mi\u0173 valiklis VANISH OXI ACTION, 500 ml",
                "itemId": "000000000000664710",
                "itemUrl": "https://barbora.lt/produktai/purskiamas-demiu-valiklis-vanish-oxi-action-500-ml",
                "categoryFullPath": "\u0160varos ir gyv\u016bn\u0173 prek\u0117s/Skalbimo priemon\u0117s/D\u0117mi\u0173 valikliai ir balinimo priemon\u0117s",
                "labelPrice": 4.79,
                "pricePerUnit": 9.58,
                "units": "l",
                "packageAmount": 1.0,
                "description": null,
                "store": "Maxima",
                "availability": "active",
                "origin": null,
                "components": null,
                "image": "https://cdn.barbora.lt/products/74587896-9389-4d63-8a5d-6f50dfbdd74a_s.png"
            },
            {
                "itemName": "Ekologi\u0161kas ind\u0173 ploviklis FROSCH GREEN LEMON, 500 ml",
                "itemId": "000000000000083981",
                "itemUrl": "https://barbora.lt/produktai/ekologiskas-indu-ploviklis-frosch-green-lemon-500-ml",
                "categoryFullPath": "\u0160varos ir gyv\u016bn\u0173 prek\u0117s/Ind\u0173 plovikliai/Priemon\u0117s indams plauti",
                "labelPrice": 1.59,
                "pricePerUnit": 3.18,
                "units": "l",
                "packageAmount": 1.0,
                "description": null,
                "store": "Maxima",
                "availability": "active",
                "origin": null,
                "components": null,
                "image": "https://cdn.barbora.lt/products/686657da-d42a-46cc-bbe3-ccebed799e1e_s.png"
            },
            {
                "itemName": "Skystasis skalbiklis RINGUVA PLIUS 3in1 (universalus), 2 l",
                "itemId": "000000000001026830",
                "itemUrl": "https://barbora.lt/produktai/skystasis-skalbiklis-ringuva-plius-3-in-1-universalus-2-l",
                "categoryFullPath": "\u0160varos ir gyv\u016bn\u0173 prek\u0117s/Skalbimo priemon\u0117s/Skystos skalbimo priemon\u0117s",
                "labelPrice": 6.99,
                "pricePerUnit": 3.5,
                "units": "l",
                "packageAmount": 1.0,
                "description": null,
                "store": "Maxima",
                "availability": "active",
                "origin": null,
                "components": null,
                "image": "https://cdn.barbora.lt/products/9d924da2-f00f-4bbb-91c4-f120f4b25d04_s.png"
            },
            {
                "itemName": "Ind\u0173 kempin\u0117s, 10 vnt., 10 vnt.",
                "itemId": "000000000001169068",
                "itemUrl": "https://barbora.lt/produktai/indu-kempines-10-vnt-10-vnt",
                "categoryFullPath": "\u0160varos ir gyv\u016bn\u0173 prek\u0117s/PRIEMON\u0116S VALYMUI/\u0160luost\u0117s, kempin\u0117l\u0117s ir \u0161epe\u010diai",
                "labelPrice": 0.89,
                "pricePerUnit": 0.09,
                "units": "vnt.",
                "packageAmount": 1.0,
                "description": null,
                "store": "Maxima",
                "availability": "active",
                "origin": null,
                "components": null,
                "image": "https://cdn.barbora.lt/products/ee16adbc-23e1-450d-ab76-7fe8dd333716_s.png"
            },
            {
                "itemName": "WC valiklis-gaiviklis BREF COLOR AKTIV FRESH FLOWER (3vnt.), 150 g",
                "itemId": "000000000001065272",
                "itemUrl": "https://barbora.lt/produktai/wc-valiklis-gaiviklis-bref-color-aktiv-fresh-flower-3-vnt-150-g",
                "categoryFullPath": "\u0160varos ir gyv\u016bn\u0173 prek\u0117s/Buitin\u0117s chemijos prek\u0117s/Kietieji WC valikliai - gaivikliai",
                "labelPrice": 5.49,
                "pricePerUnit": 36.6,
                "units": "kg",
                "packageAmount": 1.0,
                "description": null,
                "store": "Maxima",
                "availability": "active",
                "origin": null,
                "components": null,
                "image": "https://cdn.barbora.lt/products/cf70a3e2-6a37-4177-beb3-c8bd400eaa58_s.png"
            },
            {
                "itemName": "Kalki\u0173 valiklis FROSCH, 500 ml",
                "itemId": "000000000001098179",
                "itemUrl": "https://barbora.lt/produktai/kalkiu-valiklis-frosch-500-ml",
                "categoryFullPath": "\u0160varos ir gyv\u016bn\u0173 prek\u0117s/Buitin\u0117s chemijos prek\u0117s/Virtuv\u0117s ir vonios kambario valikliai",
                "labelPrice": 3.49,
                "pricePerUnit": 6.98,
                "units": "l",
                "packageAmount": 1.0,
                "description": null,
                "store": "Maxima",
                "availability": "active",
                "origin": null,
                "components": null,
                "image": "https://cdn.barbora.lt/products/be5164a2-6c25-4631-a817-d4a34628156a_s.png"
            }
        ]
    },
    {
        "category": "\r\n                        Duonos gaminiai ir konditerija\r\n                    ",
        "categoryUrl": "https://barbora.lt/duonos-gaminiai-ir-konditerija",
        "responseUrl": "https://barbora.lt/",
        "items": [
            {
                "itemName": "Ekologi\u0161ka rugin\u0117 duona, 600 g",
                "itemId": "000000000001154572",
                "itemUrl": "https://barbora.lt/produktai/ekologiska-rugine-duona-600-g",
                "categoryFullPath": "Duonos gaminiai ir konditerija/Duona/Tamsi duona",
                "labelPrice": 3.69,
                "pricePerUnit": 6.15,
                "units": "kg",
                "packageAmount": 1.0,
                "description": null,
                "store": "Maxima",
                "availability": "active",
                "origin": null,
                "components": null,
                "image": "https://cdn.barbora.lt/products/b941714e-a3e6-4abc-8156-aee594721e50_s.png"
            },
            {
                "itemName": "\u0160VENTIN\u0116 Verb\u016bn\u0173 duona, 0.8 kg",
                "itemId": "000000000000804400",
                "itemUrl": "https://barbora.lt/produktai/sventine-verbunu-duona-0-8-kg",
                "categoryFullPath": "Duonos gaminiai ir konditerija/Duona/\u0160viesi duona",
                "labelPrice": 1.35,
                "pricePerUnit": 1.69,
                "units": "kg",
                "packageAmount": 1.0,
                "description": null,
                "store": "Maxima",
                "availability": "active",
                "origin": null,
                "components": null,
                "image": "https://cdn.barbora.lt/products/ad95ad65-babe-4dd2-8871-6f256b242283_s.png"
            },
            {
                "itemName": "Skrudinamoji sumu\u0161tini\u0173 duona TOSTE, 500 g",
                "itemId": "000000000000469323",
                "itemUrl": "https://barbora.lt/produktai/skrudinamoji-sumustiniu-duona-toste-500-g",
                "categoryFullPath": "Duonos gaminiai ir konditerija/Duona/Sumu\u0161tini\u0173 duona ir duonel\u0117s",
                "labelPrice": 1.65,
                "pricePerUnit": 3.3,
                "units": "kg",
                "packageAmount": 1.0,
                "description": null,
                "store": "Maxima",
                "availability": "active",
                "origin": null,
                "components": null,
                "image": "https://cdn.barbora.lt/products/f97dbb72-c16f-4be3-a9b4-40c01e444d76_s.png"
            },
            {
                "itemName": "Raikytas SOSTIN\u0116S batonas, 400 g",
                "itemId": "000000000000538487",
                "itemUrl": "https://barbora.lt/produktai/raikytas-sostines-batonas-400-g",
                "categoryFullPath": "Duonos gaminiai ir konditerija/Duona/Batonas",
                "labelPrice": 1.15,
                "pricePerUnit": 2.88,
                "units": "kg",
                "packageAmount": 1.0,
                "description": null,
                "store": "Maxima",
                "availability": "active",
                "origin": null,
                "components": null,
                "image": "https://cdn.barbora.lt/products/bdbdc201-e327-4fda-aca2-aebce9a48b77_s.png"
            },
            {
                "itemName": "Sumu\u0161tini\u0173 duona BEATOS VIRTUV\u0116 su s\u0117klomis, 400 g",
                "itemId": "000000000000917464",
                "itemUrl": "https://barbora.lt/produktai/sumustiniu-duona-beatos-virtuve-su-seklomis-400-g",
                "categoryFullPath": "Duonos gaminiai ir konditerija/Duona/Sumu\u0161tini\u0173 duona ir duonel\u0117s",
                "labelPrice": 1.39,
                "pricePerUnit": 3.48,
                "units": "kg",
                "packageAmount": 1.0,
                "description": null,
                "store": "Maxima",
                "availability": "active",
                "origin": null,
                "components": null,
                "image": "https://cdn.barbora.lt/products/9e114314-d304-4175-962d-dd353fbe7c9c_s.png"
            },
            {
                "itemName": "Raikytas SUMU\u0160TINI\u0172 batonas, 350 g",
                "itemId": "000000000000165592",
                "itemUrl": "https://barbora.lt/produktai/raikytas-sumustiniu-batonas-350-g",
                "categoryFullPath": "Duonos gaminiai ir konditerija/Duona/Batonas",
                "labelPrice": 1.05,
                "pricePerUnit": 3.0,
                "units": "kg",
                "packageAmount": 1.0,
                "description": null,
                "store": "Maxima",
                "availability": "active",
                "origin": null,
                "components": null,
                "image": "https://cdn.barbora.lt/products/41afcebf-10fb-49a6-b671-36ba64caa7eb_s.png"
            },
            {
                "itemName": "Juoda rugin\u0117 raikyta MO\u010cIUT\u0116S duona, 450 g",
                "itemId": "000000000000783998",
                "itemUrl": "https://barbora.lt/produktai/juoda-rugine-raikyta-mociutes-duona-450-g",
                "categoryFullPath": "Duonos gaminiai ir konditerija/Duona/Tamsi duona",
                "labelPrice": 1.69,
                "pricePerUnit": 3.76,
                "units": "kg",
                "packageAmount": 1.0,
                "description": null,
                "store": "Maxima",
                "availability": "active",
                "origin": null,
                "components": null,
                "image": "https://cdn.barbora.lt/products/fc6e6d93-2ad1-43fe-8c75-fe26e49c7348_s.png"
            },
            {
                "itemName": "Sumu\u0161tini\u0173 duona, 500 g",
                "itemId": "000000000000546948",
                "itemUrl": "https://barbora.lt/produktai/sumustiniu-duona-500-g",
                "categoryFullPath": "Duonos gaminiai ir konditerija/Duona/Sumu\u0161tini\u0173 duona ir duonel\u0117s",
                "labelPrice": 1.55,
                "pricePerUnit": 3.1,
                "units": "kg",
                "packageAmount": 1.0,
                "description": null,
                "store": "Maxima",
                "availability": "active",
                "origin": null,
                "components": null,
                "image": "https://cdn.barbora.lt/products/91b49651-43b3-4f18-80c4-13bc474de33b_s.png"
            },
            {
                "itemName": "Skrudinamoji PUSRY\u010cI\u0172 duona, 500 g",
                "itemId": "000000000000972857",
                "itemUrl": "https://barbora.lt/produktai/skrudinamoji-pusryciu-duona-500-g",
                "categoryFullPath": "Duonos gaminiai ir konditerija/Duona/Sumu\u0161tini\u0173 duona ir duonel\u0117s",
                "labelPrice": 1.45,
                "pricePerUnit": 2.9,
                "units": "kg",
                "packageAmount": 1.0,
                "description": null,
                "store": "Maxima",
                "availability": "active",
                "origin": null,
                "components": null,
                "image": "https://cdn.barbora.lt/products/899fc1cf-736a-460f-bee3-6a86848788fa_s.png"
            },
            {
                "itemName": "Penki\u0173 gr\u016bd\u0173 skrudinamoji duona, 450 g",
                "itemId": "000000000001142776",
                "itemUrl": "https://barbora.lt/produktai/penkiu-grudu-skrudinamoji-duona-450-g",
                "categoryFullPath": "Duonos gaminiai ir konditerija/Duona/Sumu\u0161tini\u0173 duona ir duonel\u0117s",
                "labelPrice": 1.69,
                "pricePerUnit": 3.76,
                "units": "kg",
                "packageAmount": 1.0,
                "description": null,
                "store": "Maxima",
                "availability": "active",
                "origin": null,
                "components": null,
                "image": "https://cdn.barbora.lt/products/1f14a03e-3275-4799-8f04-974b90033d16_s.png"
            },
            {
                "itemName": "Juoda raikyta duona JOR\u0116 su saul\u0117gr\u0105\u017eomis, 280 g",
                "itemId": "000000000000732955",
                "itemUrl": "https://barbora.lt/produktai/juoda-raikyta-duona-jore-su-saulegrazomis-280-g",
                "categoryFullPath": "Duonos gaminiai ir konditerija/Duona/Tamsi duona su pagardais",
                "labelPrice": 1.29,
                "pricePerUnit": 4.61,
                "units": "kg",
                "packageAmount": 1.0,
                "description": null,
                "store": "Maxima",
                "availability": "active",
                "origin": null,
                "components": null,
                "image": "https://cdn.barbora.lt/products/a9bb8aae-9529-486e-a9f3-24e0b77960b4_s.png"
            },
            {
                "itemName": "Vis\u0173 gr\u016bdo dali\u0173 skrudinamoji duona TOSTE \u00a0, 500 g",
                "itemId": "000000000001098309",
                "itemUrl": "https://barbora.lt/produktai/visu-grudo-daliu-skrudinamoji-duona-toste-500-g",
                "categoryFullPath": "Duonos gaminiai ir konditerija/Duona/Sumu\u0161tini\u0173 duona ir duonel\u0117s",
                "labelPrice": 1.99,
                "pricePerUnit": 3.98,
                "units": "kg",
                "packageAmount": 1.0,
                "description": null,
                "store": "Maxima",
                "availability": "active",
                "origin": null,
                "components": null,
                "image": "https://cdn.barbora.lt/products/7f9e803c-cd61-42a8-8134-f1e4ed532d9f_s.png"
            },
            {
                "itemName": "Juoda raikyta duona BEATOS VIRTUV\u0116 su s\u0117klomis, 300 g",
                "itemId": "000000000000970301",
                "itemUrl": "https://barbora.lt/produktai/juoda-raikyta-duona-beatos-virtuve-su-seklomis-300-g",
                "categoryFullPath": "Duonos gaminiai ir konditerija/Duona/Tamsi duona su pagardais",
                "labelPrice": 1.25,
                "pricePerUnit": 4.17,
                "units": "kg",
                "packageAmount": 1.0,
                "description": null,
                "store": "Maxima",
                "availability": "active",
                "origin": null,
                "components": null,
                "image": "https://cdn.barbora.lt/products/41697d12-d04a-447a-9719-b3b628681624_s.png"
            },
            {
                "itemName": "Kasdienin\u0117 tamsi itali\u0161ka duona \u010diabata, 320 g",
                "itemId": "000000000000165110",
                "itemUrl": "https://barbora.lt/produktai/kasdienine-tamsi-italiska-duona-ciabata-320-g",
                "categoryFullPath": "Duonos gaminiai ir konditerija/\u0160vie\u017eiai kepti duonos gaminiai/\u0160vie\u017eiai kepta tamsi duona",
                "labelPrice": 1.0,
                "pricePerUnit": 3.13,
                "units": "kg",
                "packageAmount": 1.0,
                "description": null,
                "store": "Maxima",
                "availability": "active",
                "origin": null,
                "components": null,
                "image": "https://cdn.barbora.lt/products/25750453-f86d-4cb2-91f9-5f4410da813c_s.png"
            },
            {
                "itemName": "PIENI\u0160KAS batonas, 330 g",
                "itemId": "000000000001231216",
                "itemUrl": "https://barbora.lt/produktai/pieniskas-batonas-330-g",
                "categoryFullPath": "Duonos gaminiai ir konditerija/Duona/Batonas",
                "labelPrice": 0.75,
                "pricePerUnit": 2.27,
                "units": "kg",
                "packageAmount": 1.0,
                "description": null,
                "store": "Maxima",
                "availability": "active",
                "origin": null,
                "components": null,
                "image": "https://cdn.barbora.lt/products/30b919de-e9d4-46c2-adec-6f1f24662224_s.png"
            },
            {
                "itemName": "Pranc\u016bzi\u0161kas batonas su \u010desnakinio sviesto \u012fdaru, 160 g",
                "itemId": "000000000000674532",
                "itemUrl": "https://barbora.lt/produktai/prancuziskas-batonas-su-cesnakinio-sviesto-idaru-160-g",
                "categoryFullPath": "Duonos gaminiai ir konditerija/\u0160vie\u017eiai kepti duonos gaminiai/\u0160vie\u017eiai keptas batonas",
                "labelPrice": 0.7,
                "pricePerUnit": 4.38,
                "units": "kg",
                "packageAmount": 1.0,
                "description": null,
                "store": "Maxima",
                "availability": "active",
                "origin": null,
                "components": null,
                "image": "https://cdn.barbora.lt/products/c2d37909-fdde-4959-97e8-040004e4bd30_s.png"
            },
            {
                "itemName": "Kasdienin\u0117 itali\u0161ka duona \u010diabata, 320 g",
                "itemId": "000000000000165351",
                "itemUrl": "https://barbora.lt/produktai/kasdienine-italiska-duona-ciabata-320-g",
                "categoryFullPath": "Duonos gaminiai ir konditerija/\u0160vie\u017eiai kepti duonos gaminiai/\u0160vie\u017eiai kepta \u0161viesi duona",
                "labelPrice": 1.0,
                "pricePerUnit": 3.13,
                "units": "kg",
                "packageAmount": 1.0,
                "description": null,
                "store": "Maxima",
                "availability": "active",
                "origin": null,
                "components": null,
                "image": "https://cdn.barbora.lt/products/fabbae59-cddb-4827-a415-4366ebcf035a_s.png"
            },
            {
                "itemName": "Raikytas MAMOS batonas, 500 g",
                "itemId": "000000000000691906",
                "itemUrl": "https://barbora.lt/produktai/raikytas-mamos-batonas-500-g",
                "categoryFullPath": "Duonos gaminiai ir konditerija/Duona/Batonas",
                "labelPrice": 1.09,
                "pricePerUnit": 2.18,
                "units": "kg",
                "packageAmount": 1.0,
                "description": null,
                "store": "Maxima",
                "availability": "active",
                "origin": null,
                "components": null,
                "image": "https://cdn.barbora.lt/products/6de65c2e-2dda-4ab6-aa1b-79714723ec63_s.png"
            },
            {
                "itemName": "Juoda duona JOR\u0116, pagardinta saul\u0117gr\u0105\u017eomis, 580 g",
                "itemId": "000000000000958337",
                "itemUrl": "https://barbora.lt/produktai/juoda-duona-jore-pagardinta-saulegrazomis-580-g",
                "categoryFullPath": "Duonos gaminiai ir konditerija/Duona/Tamsi duona su pagardais",
                "labelPrice": 2.25,
                "pricePerUnit": 3.88,
                "units": "kg",
                "packageAmount": 1.0,
                "description": null,
                "store": "Maxima",
                "availability": "active",
                "origin": null,
                "components": null,
                "image": "https://cdn.barbora.lt/products/46385b04-f6fb-4581-a563-275292835d9e_s.png"
            },
            {
                "itemName": "Pieniniai javinukai JAVIN\u0116, 150 g",
                "itemId": "000000000000022131",
                "itemUrl": "https://barbora.lt/produktai/pieniniai-javinukai-javine-150-g",
                "categoryFullPath": "Duonos gaminiai ir konditerija/D\u017ei\u016bv\u0117siai, riestainiai, meduoliai ir javinukai/D\u017ei\u016bv\u0117siai ir javinukai",
                "labelPrice": 0.95,
                "pricePerUnit": 6.33,
                "units": "kg",
                "packageAmount": 1.0,
                "description": null,
                "store": "Maxima",
                "availability": "active",
                "origin": null,
                "components": null,
                "image": "https://cdn.barbora.lt/products/ee665c1e-f9a6-45ac-a1a6-d7cacce0865a_s.png"
            },
            {
                "itemName": "Juoda BO\u010cI\u0172 duona be prid\u0117tinio cukraus, 400 g",
                "itemId": "000000000001119927",
                "itemUrl": "https://barbora.lt/produktai/juoda-bociu-duona-be-pridetinio-cukraus-400-g",
                "categoryFullPath": "Duonos gaminiai ir konditerija/Duona/Tamsi duona",
                "labelPrice": 1.35,
                "pricePerUnit": 3.38,
                "units": "kg",
                "packageAmount": 1.0,
                "description": null,
                "store": "Maxima",
                "availability": "active",
                "origin": null,
                "components": null,
                "image": "https://cdn.barbora.lt/products/36cd4a85-9fce-4789-8454-365bde5c6675_s.png"
            },
            {
                "itemName": "\u0160viesi rugin\u0117 raikyta PALANGOS duona, 340 g",
                "itemId": "000000000000728113",
                "itemUrl": "https://barbora.lt/produktai/sviesi-rugine-raikyta-palangos-duona-340-g",
                "categoryFullPath": "Duonos gaminiai ir konditerija/Duona/\u0160viesi duona",
                "labelPrice": 0.89,
                "pricePerUnit": 2.62,
                "units": "kg",
                "packageAmount": 1.0,
                "description": null,
                "store": "Maxima",
                "availability": "active",
                "origin": null,
                "components": null,
                "image": "https://cdn.barbora.lt/products/fe9f5841-424c-49f0-af6d-ecaa36962fea_s.png"
            },
            {
                "itemName": "Kruasanas su karameliniu \u012fdaru, 80 g",
                "itemId": "000000000000674484",
                "itemUrl": "https://barbora.lt/produktai/kruasanas-su-karameliniu-idaru-80-g",
                "categoryFullPath": "Duonos gaminiai ir konditerija/\u0160vie\u017eiai kepti duonos gaminiai/\u0160vie\u017eiai keptos sald\u017eios bandel\u0117s",
                "labelPrice": 0.6,
                "pricePerUnit": 7.5,
                "units": "kg",
                "packageAmount": 1.0,
                "description": null,
                "store": "Maxima",
                "availability": "active",
                "origin": null,
                "components": null,
                "image": "https://cdn.barbora.lt/products/5acaa886-e776-4780-b737-578904188e73_s.png"
            },
            {
                "itemName": "Rugin\u0117 raikyta duona JON\u0116 be mieli\u0173, 390 g",
                "itemId": "000000000000928478",
                "itemUrl": "https://barbora.lt/produktai/rugine-raikyta-duona-jone-be-mieliu-390-g",
                "categoryFullPath": "Duonos gaminiai ir konditerija/Duona/Tamsi duona",
                "labelPrice": 1.39,
                "pricePerUnit": 3.56,
                "units": "kg",
                "packageAmount": 1.0,
                "description": null,
                "store": "Maxima",
                "availability": "active",
                "origin": null,
                "components": null,
                "image": "https://cdn.barbora.lt/products/320fdab1-4c01-44fa-b8b9-8437ea229575_s.png"
            },
            {
                "itemName": "Ma\u017eas pyrag\u0117lis su obuoli\u0173 \u012fdaru, 40 g",
                "itemId": "000000000000777188",
                "itemUrl": "https://barbora.lt/produktai/mazas-pyragelis-su-obuoliu-idaru-40-g",
                "categoryFullPath": "Duonos gaminiai ir konditerija/\u0160vie\u017eiai kepti duonos gaminiai/\u0160vie\u017eiai keptos sald\u017eios bandel\u0117s",
                "labelPrice": 0.4,
                "pricePerUnit": 10.0,
                "units": "kg",
                "packageAmount": 1.0,
                "description": null,
                "store": "Maxima",
                "availability": "active",
                "origin": null,
                "components": null,
                "image": "https://cdn.barbora.lt/products/ba497319-702c-4fa7-8c80-f67d4f94fca2_s.png"
            },
            {
                "itemName": "S\u0116KL\u0172 sumu\u0161tini\u0173 duona, 450 g",
                "itemId": "000000000001179516",
                "itemUrl": "https://barbora.lt/produktai/seklu-sumustiniu-duona-450-g",
                "categoryFullPath": "Duonos gaminiai ir konditerija/Duona/Sumu\u0161tini\u0173 duona ir duonel\u0117s",
                "labelPrice": 1.99,
                "pricePerUnit": 4.42,
                "units": "kg",
                "packageAmount": 1.0,
                "description": null,
                "store": "Maxima",
                "availability": "active",
                "origin": null,
                "components": null,
                "image": "https://cdn.barbora.lt/products/f79bdd9c-727c-4706-82e6-4a1dce568ae4_s.png"
            },
            {
                "itemName": "Kvietin\u0117 raikyta duona GOJA, 500 g",
                "itemId": "000000000000467728",
                "itemUrl": "https://barbora.lt/produktai/kvietine-raikyta-duona-goja-500-g",
                "categoryFullPath": "Duonos gaminiai ir konditerija/Duona/\u0160viesi duona",
                "labelPrice": 1.49,
                "pricePerUnit": 2.98,
                "units": "kg",
                "packageAmount": 1.0,
                "description": null,
                "store": "Maxima",
                "availability": "active",
                "origin": null,
                "components": null,
                "image": "https://cdn.barbora.lt/products/80b3cc71-0984-46f3-a9b5-4de1252774a9_s.png"
            },
            {
                "itemName": "Bandel\u0117 su var\u0161k\u0117s \u012fdaru, 100 g",
                "itemId": "000000000000165932",
                "itemUrl": "https://barbora.lt/produktai/bandele-su-varskes-idaru-100-g",
                "categoryFullPath": "Duonos gaminiai ir konditerija/\u0160vie\u017eiai kepti duonos gaminiai/\u0160vie\u017eiai keptos sald\u017eios bandel\u0117s",
                "labelPrice": 0.5,
                "pricePerUnit": 5.0,
                "units": "kg",
                "packageAmount": 1.0,
                "description": null,
                "store": "Maxima",
                "availability": "active",
                "origin": null,
                "components": null,
                "image": "https://cdn.barbora.lt/products/9bc116f0-8a0f-45af-bf78-f789eb906b0a_s.png"
            },
            {
                "itemName": "MAL\u016aNO sumu\u0161tini\u0173 duona, 500 g",
                "itemId": "000000000001017310",
                "itemUrl": "https://barbora.lt/produktai/maluno-sumustiniu-duona-500-g",
                "categoryFullPath": "Duonos gaminiai ir konditerija/Duona/Sumu\u0161tini\u0173 duona ir duonel\u0117s",
                "labelPrice": 0.89,
                "pricePerUnit": 1.78,
                "units": "kg",
                "packageAmount": 1.0,
                "description": null,
                "store": "Maxima",
                "availability": "active",
                "origin": null,
                "components": null,
                "image": "https://cdn.barbora.lt/products/4f0b1d4a-f0a8-40cd-8a18-875682ab125e_s.png"
            },
            {
                "itemName": "Ilgasis pranc\u016bzi\u0161kas batonas, 250 g",
                "itemId": "000000000001002962",
                "itemUrl": "https://barbora.lt/produktai/ilgasis-prancuziskas-batonas-250-g",
                "categoryFullPath": "Duonos gaminiai ir konditerija/\u0160vie\u017eiai kepti duonos gaminiai/\u0160vie\u017eiai keptas batonas",
                "labelPrice": 0.55,
                "pricePerUnit": 2.2,
                "units": "kg",
                "packageAmount": 1.0,
                "description": null,
                "store": "Maxima",
                "availability": "active",
                "origin": null,
                "components": null,
                "image": "https://cdn.barbora.lt/products/4ebaf116-587b-4d5b-92c7-252589a03c2d_s.png"
            },
            {
                "itemName": "GARD\u0116SIO sumu\u0161tini\u0173 duona su kefyru, 450 g",
                "itemId": "000000000001109404",
                "itemUrl": "https://barbora.lt/produktai/gardesio-sumustiniu-duona-su-kefyru-450-g",
                "categoryFullPath": "Duonos gaminiai ir konditerija/Duona/Sumu\u0161tini\u0173 duona ir duonel\u0117s",
                "labelPrice": 1.69,
                "pricePerUnit": 3.76,
                "units": "kg",
                "packageAmount": 1.0,
                "description": null,
                "store": "Maxima",
                "availability": "active",
                "origin": null,
                "components": null,
                "image": "https://cdn.barbora.lt/products/99b21c64-f3c6-46e9-acaa-13be88583ced_s.png"
            },
            {
                "itemName": "Kukur\u016bz\u0173 trapu\u010diai USTUKI\u0172 MAL\u016aNAS, 120 g",
                "itemId": "000000000000903374",
                "itemUrl": "https://barbora.lt/produktai/kukuruzu-trapuciai-ustukiu-malunas-120-g",
                "categoryFullPath": "Duonos gaminiai ir konditerija/Duonos pakaitalai/Trapu\u010diai ir kiti paplot\u0117liai",
                "labelPrice": 0.75,
                "pricePerUnit": 6.25,
                "units": "kg",
                "packageAmount": 1.0,
                "description": null,
                "store": "Maxima",
                "availability": "active",
                "origin": null,
                "components": null,
                "image": "https://cdn.barbora.lt/products/c91fe3c0-7d8a-4fc2-bb46-1b032654b347_s.png"
            },
            {
                "itemName": "Pranc\u016bzi\u0161ka bandel\u0117, 65 g",
                "itemId": "000000000001287787",
                "itemUrl": "https://barbora.lt/produktai/prancuziska-bandele-65-g-87787",
                "categoryFullPath": "Duonos gaminiai ir konditerija/\u0160vie\u017eiai kepti duonos gaminiai/\u0160vie\u017eiai keptos nesald\u017eios bandel\u0117s",
                "labelPrice": 0.15,
                "pricePerUnit": 2.31,
                "units": "kg",
                "packageAmount": 1.0,
                "description": null,
                "store": "Maxima",
                "availability": "active",
                "origin": null,
                "components": null,
                "image": "https://cdn.barbora.lt/products/75b5f32f-50dd-4914-b7f4-e882b09ee13a_s.png"
            },
            {
                "itemName": "Kruasanas su \u0161okoladiniu \u012fdaru, 75 g",
                "itemId": "000000000000674483",
                "itemUrl": "https://barbora.lt/produktai/kruasanas-su-sokoladiniu-idaru-75-g",
                "categoryFullPath": "Duonos gaminiai ir konditerija/\u0160vie\u017eiai kepti duonos gaminiai/\u0160vie\u017eiai keptos sald\u017eios bandel\u0117s",
                "labelPrice": 0.6,
                "pricePerUnit": 8.0,
                "units": "kg",
                "packageAmount": 1.0,
                "description": null,
                "store": "Maxima",
                "availability": "active",
                "origin": null,
                "components": null,
                "image": "https://cdn.barbora.lt/products/633b09c1-8092-4c7b-85ab-b183a95b0bab_s.png"
            },
            {
                "itemName": "Malti d\u017ei\u016bv\u0117siai, 375 g",
                "itemId": "000000000001270613",
                "itemUrl": "https://barbora.lt/produktai/malti-dziuvesiai-375-g",
                "categoryFullPath": "Duonos gaminiai ir konditerija/Duonos pakaitalai/Kiti duonos gaminiai",
                "labelPrice": 1.59,
                "pricePerUnit": 4.24,
                "units": "kg",
                "packageAmount": 1.0,
                "description": null,
                "store": "Maxima",
                "availability": "active",
                "origin": null,
                "components": null,
                "image": "https://cdn.barbora.lt/products/e428e521-cdf7-487f-80c0-316197caa36c_s.png"
            },
            {
                "itemName": "7 gr\u016bd\u0173 tamsi raikyta viso gr\u016bdo URT\u0116S duona, 300 g",
                "itemId": "000000000000806935",
                "itemUrl": "https://barbora.lt/produktai/7-grudu-tamsi-raikyta-viso-grudo-urtes-duona-300-g",
                "categoryFullPath": "Duonos gaminiai ir konditerija/Duona/Tamsi duona su pagardais",
                "labelPrice": 1.35,
                "pricePerUnit": 4.5,
                "units": "kg",
                "packageAmount": 1.0,
                "description": null,
                "store": "Maxima",
                "availability": "active",
                "origin": null,
                "components": null,
                "image": "https://cdn.barbora.lt/products/0544fc8d-b48c-48e9-ae7a-f43d46eee765_s.png"
            },
            {
                "itemName": "GARD\u0116SIO VAIK\u0172 SVAJONI\u0172 bandel\u0117s su var\u0161k\u0117s \u012fdaru, 2vnt., 130 g",
                "itemId": "000000000001237319",
                "itemUrl": "https://barbora.lt/produktai/gardesio-vaiku-svajoniu-bandeles-su-varskes-idaru-2-vnt-130-g",
                "categoryFullPath": "Duonos gaminiai ir konditerija/Bandel\u0117s ir spurgos/Sald\u017eios bandel\u0117s",
                "labelPrice": 0.99,
                "pricePerUnit": 7.62,
                "units": "kg",
                "packageAmount": 1.0,
                "description": null,
                "store": "Maxima",
                "availability": "active",
                "origin": null,
                "components": null,
                "image": "https://cdn.barbora.lt/products/0868d524-bdb6-482d-ac73-2256159e7e1e_s.png"
            },
            {
                "itemName": "Kukur\u016bz\u0173 trapu\u010diai SAUL\u0116S GR\u016aDAS, 120 g",
                "itemId": "000000000001043512",
                "itemUrl": "https://barbora.lt/produktai/kukuruzu-trapuciai-saules-grudas-120-g",
                "categoryFullPath": "Duonos gaminiai ir konditerija/Duonos pakaitalai/Trapu\u010diai ir kiti paplot\u0117liai",
                "labelPrice": 0.75,
                "pricePerUnit": 6.25,
                "units": "kg",
                "packageAmount": 1.0,
                "description": null,
                "store": "Maxima",
                "availability": "active",
                "origin": null,
                "components": null,
                "image": "https://cdn.barbora.lt/products/9d21e1cd-b628-4f62-9407-0b7053627a68_s.png"
            },
            {
                "itemName": "Jogurto skonio javinukai JAVIN\u0116, 150 g",
                "itemId": "000000000000166497",
                "itemUrl": "https://barbora.lt/produktai/jogurto-skonio-javinukai-javine-150-g",
                "categoryFullPath": "Duonos gaminiai ir konditerija/D\u017ei\u016bv\u0117siai, riestainiai, meduoliai ir javinukai/D\u017ei\u016bv\u0117siai ir javinukai",
                "labelPrice": 0.95,
                "pricePerUnit": 6.33,
                "units": "kg",
                "packageAmount": 1.0,
                "description": null,
                "store": "Maxima",
                "availability": "active",
                "origin": null,
                "components": null,
                "image": "https://cdn.barbora.lt/products/5bb3bd4c-7cfd-49d2-a86d-4d5a0ef5dfe4_s.png"
            },
            {
                "itemName": "Pranc\u016bzi\u0161ka skrudinamoji duona TOSTE, 500 g",
                "itemId": "000000000000957496",
                "itemUrl": "https://barbora.lt/produktai/prancuziska-skrudinamoji-duona-toste-500-g",
                "categoryFullPath": "Duonos gaminiai ir konditerija/Duona/Sumu\u0161tini\u0173 duona ir duonel\u0117s",
                "labelPrice": 1.99,
                "pricePerUnit": 3.98,
                "units": "kg",
                "packageAmount": 1.0,
                "description": null,
                "store": "Maxima",
                "availability": "active",
                "origin": null,
                "components": null,
                "image": "https://cdn.barbora.lt/products/ad0e6a82-a407-447c-9475-032b90c6cf89_s.png"
            },
            {
                "itemName": "Juoda AGOTOS duona, 800 g",
                "itemId": "000000000000456302",
                "itemUrl": "https://barbora.lt/produktai/juoda-agotos-duona-800-g",
                "categoryFullPath": "Duonos gaminiai ir konditerija/Duona/Tamsi duona",
                "labelPrice": 1.85,
                "pricePerUnit": 2.31,
                "units": "kg",
                "packageAmount": 1.0,
                "description": null,
                "store": "Maxima",
                "availability": "active",
                "origin": null,
                "components": null,
                "image": "https://cdn.barbora.lt/products/09637af2-0d47-40d3-9420-d1fed4815cc2_s.png"
            },
            {
                "itemName": "Spelt\u0173 sumu\u0161tini\u0173 duona TOSTE, 360 g",
                "itemId": "000000000001053561",
                "itemUrl": "https://barbora.lt/produktai/speltu-sumustiniu-duona-toste-360-g",
                "categoryFullPath": "Duonos gaminiai ir konditerija/Duona/Sumu\u0161tini\u0173 duona ir duonel\u0117s",
                "labelPrice": 2.15,
                "pricePerUnit": 5.97,
                "units": "kg",
                "packageAmount": 1.0,
                "description": null,
                "store": "Maxima",
                "availability": "active",
                "origin": null,
                "components": null,
                "image": "https://cdn.barbora.lt/products/eb680e87-8b7d-436e-9b96-c7d1fb4c3494_s.png"
            },
            {
                "itemName": "Bandel\u0117 su kakaviniu glaistu, 70 g",
                "itemId": "000000000000165891",
                "itemUrl": "https://barbora.lt/produktai/bandele-su-kakaviniu-glaistu-70-g",
                "categoryFullPath": "Duonos gaminiai ir konditerija/\u0160vie\u017eiai kepti duonos gaminiai/\u0160vie\u017eiai keptos sald\u017eios bandel\u0117s",
                "labelPrice": 0.4,
                "pricePerUnit": 5.71,
                "units": "kg",
                "packageAmount": 1.0,
                "description": null,
                "store": "Maxima",
                "availability": "active",
                "origin": null,
                "components": null,
                "image": "https://cdn.barbora.lt/products/eaf3f4da-bf6f-4e56-81f9-e7a84d96ce2e_s.png"
            },
            {
                "itemName": "Sumu\u0161tinuk\u0173 duona TIP TOP, 240 g",
                "itemId": "000000000000165543",
                "itemUrl": "https://barbora.lt/produktai/sumustinuku-duona-tip-top-240-g",
                "categoryFullPath": "Duonos gaminiai ir konditerija/Duona/Sumu\u0161tini\u0173 duona ir duonel\u0117s",
                "labelPrice": 1.35,
                "pricePerUnit": 5.63,
                "units": "kg",
                "packageAmount": 1.0,
                "description": null,
                "store": "Maxima",
                "availability": "active",
                "origin": null,
                "components": null,
                "image": "https://cdn.barbora.lt/products/faceb790-44dd-4501-b4ce-247ccea0b5ee_s.png"
            },
            {
                "itemName": "URT\u0116S sumu\u0161tini\u0173 duona su gr\u016bdais, 470 g",
                "itemId": "000000000000874046",
                "itemUrl": "https://barbora.lt/produktai/urtes-sumustiniu-duona-su-grudais-470-g",
                "categoryFullPath": "Duonos gaminiai ir konditerija/Duona/Sumu\u0161tini\u0173 duona ir duonel\u0117s",
                "labelPrice": 1.79,
                "pricePerUnit": 3.81,
                "units": "kg",
                "packageAmount": 1.0,
                "description": null,
                "store": "Maxima",
                "availability": "active",
                "origin": null,
                "components": null,
                "image": "https://cdn.barbora.lt/products/5be3e1d6-e780-45da-b295-5ce919e99e56_s.png"
            },
            {
                "itemName": "Juoda raikyta AGOTOS duona su saul\u0117gr\u0105\u017eomis, 375 g",
                "itemId": "000000000000653477",
                "itemUrl": "https://barbora.lt/produktai/juoda-raikyta-agotos-duona-su-saulegrazomis-375-g",
                "categoryFullPath": "Duonos gaminiai ir konditerija/Duona/Tamsi duona su pagardais",
                "labelPrice": 1.35,
                "pricePerUnit": 3.6,
                "units": "kg",
                "packageAmount": 1.0,
                "description": null,
                "store": "Maxima",
                "availability": "active",
                "origin": null,
                "components": null,
                "image": "https://cdn.barbora.lt/products/ee6c82bc-e994-49de-894e-139031041ef1_s.png"
            },
            {
                "itemName": "Ekologi\u0161ka vis\u0173 gr\u016bdo dali\u0173 rugin\u0117 duona, 400 g",
                "itemId": "000000000000945442",
                "itemUrl": "https://barbora.lt/produktai/ekologiska-visu-grudo-daliu-rugine-duona-400-g",
                "categoryFullPath": "Duonos gaminiai ir konditerija/Duona/Tamsi duona",
                "labelPrice": 1.49,
                "pricePerUnit": 3.73,
                "units": "kg",
                "packageAmount": 1.0,
                "description": null,
                "store": "Maxima",
                "availability": "active",
                "origin": null,
                "components": null,
                "image": "https://cdn.barbora.lt/products/307526f2-3f92-4ed0-b5ba-2f059ee8e4ba_s.png"
            },
            {
                "itemName": "\u0160viesi raikyta PONI\u0160KA duona be prid\u0117tini\u0173 mieli\u0173, 600 g",
                "itemId": "000000000000860449",
                "itemUrl": "https://barbora.lt/produktai/sviesi-raikyta-poniska-duona-be-pridetiniu-mieliu-600-g",
                "categoryFullPath": "Duonos gaminiai ir konditerija/Duona/\u0160viesi duona",
                "labelPrice": 1.75,
                "pricePerUnit": 2.92,
                "units": "kg",
                "packageAmount": 1.0,
                "description": null,
                "store": "Maxima",
                "availability": "active",
                "origin": null,
                "components": null,
                "image": "https://cdn.barbora.lt/products/c75ce866-7da3-4500-bcd0-c4c607feb95a_s.png"
            },
            {
                "itemName": "Ma\u017ei keksiukai MINI MUFFINS, 250 g",
                "itemId": "000000000001017747",
                "itemUrl": "https://barbora.lt/produktai/mazi-keksiukai-mini-muffins-250-g",
                "categoryFullPath": "Duonos gaminiai ir konditerija/Duonos pyragai, keksai ir keksiukai/Keksai ir keksiukai",
                "labelPrice": 1.25,
                "pricePerUnit": 5.0,
                "units": "kg",
                "packageAmount": 1.0,
                "description": null,
                "store": "Maxima",
                "availability": "active",
                "origin": null,
                "components": null,
                "image": "https://cdn.barbora.lt/products/a1a591ba-89b5-4803-bb8c-2bdcdc3b564b_s.png"
            },
            {
                "itemName": "Arbatiniai tra\u0161ku\u010diai JDC, 200 g",
                "itemId": "000000000000662014",
                "itemUrl": "https://barbora.lt/produktai/arbatiniai-traskuciai-jdc-200-g",
                "categoryFullPath": "Duonos gaminiai ir konditerija/D\u017ei\u016bv\u0117siai, riestainiai, meduoliai ir javinukai/Riestainiai",
                "labelPrice": 0.89,
                "pricePerUnit": 4.45,
                "units": "kg",
                "packageAmount": 1.0,
                "description": null,
                "store": "Maxima",
                "availability": "active",
                "origin": null,
                "components": null,
                "image": "https://cdn.barbora.lt/products/2416daa9-cca9-4a3e-bb4e-afdaad24d52f_s.png"
            },
            {
                "itemName": "Vis\u0173 gr\u016bdo dali\u0173 rugin\u0117 duona be prid\u0117t. mieli\u0173 ir cukraus, 600 g",
                "itemId": "000000000001074995",
                "itemUrl": "https://barbora.lt/produktai/visu-grudo-daliu-rugine-duona-be-pridet-mieliu-ir-cukraus-600-g",
                "categoryFullPath": "Duonos gaminiai ir konditerija/Duona/Tamsi duona",
                "labelPrice": 1.09,
                "pricePerUnit": 1.82,
                "units": "kg",
                "packageAmount": 1.0,
                "description": null,
                "store": "Maxima",
                "availability": "active",
                "origin": null,
                "components": null,
                "image": "https://cdn.barbora.lt/products/90f85df7-d55e-4765-9c0b-3bdb5cdcbe46_s.png"
            },
            {
                "itemName": "Ry\u017ei\u0173 trapu\u010diai \u016aSTUKI\u0172 MAL\u016aNAS su joduota druska ir sezam., 100 g",
                "itemId": "000000000000628022",
                "itemUrl": "https://barbora.lt/produktai/ryziu-trapuciai-ustukiu-malunas-su-joduota-druska-ir-sezam-100-g",
                "categoryFullPath": "Duonos gaminiai ir konditerija/Duonos pakaitalai/Trapu\u010diai ir kiti paplot\u0117liai",
                "labelPrice": 0.69,
                "pricePerUnit": 6.9,
                "units": "kg",
                "packageAmount": 1.0,
                "description": null,
                "store": "Maxima",
                "availability": "active",
                "origin": null,
                "components": null,
                "image": "https://cdn.barbora.lt/products/313294d8-df25-47ed-a706-a78828d60143_s.png"
            }
        ]
    },
    {
        "category": "\r\n                        Pieno gaminiai ir kiau\u0161iniai\r\n                    ",
        "categoryUrl": "https://barbora.lt/pieno-gaminiai-ir-kiausiniai",
        "responseUrl": "https://barbora.lt/",
        "items": [
            {
                "itemName": "Majonezas OBELI\u0172 PREMIUM (71 % riebumo), 350 ml",
                "itemId": "000000000001271603",
                "itemUrl": "https://barbora.lt/produktai/majonezas-obeliu-premium-71-proc-riebumo-350-ml",
                "categoryFullPath": "Pieno gaminiai ir kiau\u0161iniai/Majonezas/Majonezas",
                "labelPrice": 1.69,
                "pricePerUnit": 4.83,
                "units": "l",
                "packageAmount": 1.0,
                "description": null,
                "store": "Maxima",
                "availability": "active",
                "origin": null,
                "components": null,
                "image": "https://cdn.barbora.lt/products/2fffd10a-b81f-4245-b372-9f40bdfe951c_s.png"
            },
            {
                "itemName": "Kiau\u0161iniai (M, balti, 10 vnt.), 10 vnt.",
                "itemId": "000000000001118496",
                "itemUrl": "https://barbora.lt/produktai/kiausiniai-m-balti-10-vnt-10-vnt-18496",
                "categoryFullPath": "Pieno gaminiai ir kiau\u0161iniai/Kiau\u0161iniai/Vi\u0161t\u0173 kiau\u0161iniai",
                "labelPrice": 1.69,
                "pricePerUnit": 0.17,
                "units": "vnt.",
                "packageAmount": 1.0,
                "description": null,
                "store": "Maxima",
                "availability": "active",
                "origin": null,
                "components": null,
                "image": "https://cdn.barbora.lt/products/2aa3172a-05c7-4bb2-bdaf-22df85b29e51_s.png"
            },
            {
                "itemName": "Avi\u017e\u0173 g\u0117rimas ALPRO Barista, 1 l",
                "itemId": "000000000001220329",
                "itemUrl": "https://barbora.lt/produktai/avizu-gerimas-alpro-barista-1-l",
                "categoryFullPath": "Pieno gaminiai ir kiau\u0161iniai/Produktai be laktoz\u0117s/Augaliniai g\u0117rimai",
                "labelPrice": 1.79,
                "pricePerUnit": 1.79,
                "units": "l",
                "packageAmount": 1.0,
                "description": null,
                "store": "Maxima",
                "availability": "active",
                "origin": null,
                "components": null,
                "image": "https://cdn.barbora.lt/products/f6856511-4723-4f4f-a84a-e2cffd2eab8c_s.png"
            },
            {
                "itemName": "Majonezas VILNIUS (originalusis), 475 ml",
                "itemId": "000000000001210414",
                "itemUrl": "https://barbora.lt/produktai/majonezas-vilnius-originalusis-475-ml",
                "categoryFullPath": "Pieno gaminiai ir kiau\u0161iniai/Majonezas/Majonezas",
                "labelPrice": 3.49,
                "pricePerUnit": 7.35,
                "units": "l",
                "packageAmount": 1.0,
                "description": null,
                "store": "Maxima",
                "availability": "active",
                "origin": null,
                "components": null,
                "image": "https://cdn.barbora.lt/products/7b2ec788-4327-4039-9fe4-5349644a5d67_s.png"
            },
            {
                "itemName": "Sviestas FARM MILK, 82 % rieb., 180 g",
                "itemId": "000000000000869711",
                "itemUrl": "https://barbora.lt/produktai/sviestas-farm-milk-82-proc-rieb-180-g",
                "categoryFullPath": "Pieno gaminiai ir kiau\u0161iniai/Sviestas, margarinas ir riebalai/Sviestas",
                "labelPrice": 1.49,
                "pricePerUnit": 8.28,
                "units": "kg",
                "packageAmount": 1.0,
                "description": null,
                "store": "Maxima",
                "availability": "active",
                "origin": null,
                "components": null,
                "image": "https://cdn.barbora.lt/products/e7a895ed-a5fd-482c-aac8-0157ab476ee9_s.png"
            },
            {
                "itemName": "Kiau\u0161iniai (M, 10 vnt.), 10 vnt.",
                "itemId": "000000000001151702",
                "itemUrl": "https://barbora.lt/produktai/kiausiniai-m-10-vnt-10-vnt",
                "categoryFullPath": "Pieno gaminiai ir kiau\u0161iniai/Kiau\u0161iniai/Vi\u0161t\u0173 kiau\u0161iniai",
                "labelPrice": 1.39,
                "pricePerUnit": 0.14,
                "units": "vnt.",
                "packageAmount": 1.0,
                "description": null,
                "store": "Maxima",
                "availability": "active",
                "origin": null,
                "components": null,
                "image": "https://cdn.barbora.lt/products/762166a7-a2fe-42b3-9e0a-fd3be5bd1c92_s.png"
            },
            {
                "itemName": "UAT pienas FARM MILK, 3,2 % rieb., 1 l",
                "itemId": "000000000000892000",
                "itemUrl": "https://barbora.lt/produktai/uat-pienas-farm-milk-3-2-proc-rieb-1-l",
                "categoryFullPath": "Pieno gaminiai ir kiau\u0161iniai/Pienas/Ilgo galiojimo pienas",
                "labelPrice": 0.89,
                "pricePerUnit": 0.89,
                "units": "l",
                "packageAmount": 1.0,
                "description": null,
                "store": "Maxima",
                "availability": "active",
                "origin": null,
                "components": null,
                "image": "https://cdn.barbora.lt/products/3cfc2270-a237-445c-928a-f5b38b09b3ff_s.png"
            },
            {
                "itemName": "Kiau\u0161iniai (L, 10 vnt.), 10 vnt.",
                "itemId": "000000000001151703",
                "itemUrl": "https://barbora.lt/produktai/kiausiniai-l-10-vnt-10-vnt",
                "categoryFullPath": "Pieno gaminiai ir kiau\u0161iniai/Kiau\u0161iniai/Vi\u0161t\u0173 kiau\u0161iniai",
                "labelPrice": 1.59,
                "pricePerUnit": 0.16,
                "units": "vnt.",
                "packageAmount": 1.0,
                "description": null,
                "store": "Maxima",
                "availability": "active",
                "origin": null,
                "components": null,
                "image": "https://cdn.barbora.lt/products/d23f83aa-fbef-48d3-9097-dc3eda3eb8f5_s.png"
            },
            {
                "itemName": "Nat\u016bralus DVARO pienas, 3,5 % rieb., 1 l",
                "itemId": "000000000000068728",
                "itemUrl": "https://barbora.lt/produktai/naturalus-dvaro-pienas-3-5-proc-rieb-1-l",
                "categoryFullPath": "Pieno gaminiai ir kiau\u0161iniai/Pienas/Pasterizuotas pienas",
                "labelPrice": 1.59,
                "pricePerUnit": 1.59,
                "units": "l",
                "packageAmount": 1.0,
                "description": null,
                "store": "Maxima",
                "availability": "active",
                "origin": null,
                "components": null,
                "image": "https://cdn.barbora.lt/products/ed6cc121-041e-4f5e-b036-8cdfd8a4733e_s.png"
            },
            {
                "itemName": "Sald\u017eios grietin\u0117l\u0117s DVARO sviestas, 82% rieb., 200 g",
                "itemId": "000000000000167235",
                "itemUrl": "https://barbora.lt/produktai/saldzios-grietineles-dvaro-sviestas-82-proc-rieb-200-g",
                "categoryFullPath": "Pieno gaminiai ir kiau\u0161iniai/Sviestas, margarinas ir riebalai/Sviestas",
                "labelPrice": 3.29,
                "pricePerUnit": 16.45,
                "units": "kg",
                "packageAmount": 1.0,
                "description": null,
                "store": "Maxima",
                "availability": "active",
                "origin": null,
                "components": null,
                "image": "https://cdn.barbora.lt/products/f62b439a-2880-44cf-8c5c-2a9b8f557911_s.png"
            },
            {
                "itemName": "Fermentinis ROKI\u0160KIO s\u016bris, 45 % rieb. s. m., 240 g",
                "itemId": "000000000000715530",
                "itemUrl": "https://barbora.lt/produktai/fermentinis-rokiskio-suris-45-proc-rieb-s-m-240-g",
                "categoryFullPath": "Pieno gaminiai ir kiau\u0161iniai/S\u016bris/Fermentiniai s\u016briai",
                "labelPrice": 2.59,
                "pricePerUnit": 10.79,
                "units": "kg",
                "packageAmount": 1.0,
                "description": null,
                "store": "Maxima",
                "availability": "active",
                "origin": null,
                "components": null,
                "image": "https://cdn.barbora.lt/products/ed85db14-3f2d-4896-9425-33fbadf3e85a_s.png"
            },
            {
                "itemName": "KAIMI\u0160KI ant kraiko laikom\u0173 vi\u0161t\u0173 kiau\u0161iniai (M, rudi), 10 vnt.",
                "itemId": "000000000000180718",
                "itemUrl": "https://barbora.lt/produktai/kaimiski-ant-kraiko-laikomu-vistu-kiausiniai-m-rudi-10-vnt",
                "categoryFullPath": "Pieno gaminiai ir kiau\u0161iniai/Kiau\u0161iniai/Vi\u0161t\u0173 kiau\u0161iniai",
                "labelPrice": 2.29,
                "pricePerUnit": 0.23,
                "units": "vnt.",
                "packageAmount": 1.0,
                "description": null,
                "store": "Maxima",
                "availability": "active",
                "origin": null,
                "components": null,
                "image": "https://cdn.barbora.lt/products/9ff6b6a5-4cd0-4102-87c4-cf1be50e6bcc_s.png"
            },
            {
                "itemName": "Grietin\u0117 FARM MILK, 30 % rieb., 400 g",
                "itemId": "000000000001261836",
                "itemUrl": "https://barbora.lt/produktai/grietine-farm-milk-30-proc-rieb-400-g",
                "categoryFullPath": "Pieno gaminiai ir kiau\u0161iniai/Grietin\u0117 ir grietin\u0117l\u0117/Grietin\u0117",
                "labelPrice": 1.59,
                "pricePerUnit": 3.98,
                "units": "kg",
                "packageAmount": 1.0,
                "description": null,
                "store": "Maxima",
                "availability": "active",
                "origin": null,
                "components": null,
                "image": "https://cdn.barbora.lt/products/0458fb51-836b-4d10-8e29-adee3d0e61fc_s.png"
            },
            {
                "itemName": "Grietin\u0117 SAUL\u0116S PIENAS, 30 % rieb., 400 g",
                "itemId": "000000000001018017",
                "itemUrl": "https://barbora.lt/produktai/grietine-saules-pienas-30-proc-rieb-400-g",
                "categoryFullPath": "Pieno gaminiai ir kiau\u0161iniai/Grietin\u0117 ir grietin\u0117l\u0117/Grietin\u0117",
                "labelPrice": 1.99,
                "pricePerUnit": 4.98,
                "units": "kg",
                "packageAmount": 1.0,
                "description": null,
                "store": "Maxima",
                "availability": "active",
                "origin": null,
                "components": null,
                "image": "https://cdn.barbora.lt/products/bd77f2ff-d902-41b9-b438-8b766e0d763f_s.png"
            },
            {
                "itemName": "DVARO pienas, 2,5 % rieb., 2 l",
                "itemId": "000000000000049491",
                "itemUrl": "https://barbora.lt/produktai/dvaro-pienas-2-5-proc-rieb-2-l",
                "categoryFullPath": "Pieno gaminiai ir kiau\u0161iniai/Pienas/Pasterizuotas pienas",
                "labelPrice": 2.49,
                "pricePerUnit": 1.25,
                "units": "l",
                "packageAmount": 1.0,
                "description": null,
                "store": "Maxima",
                "availability": "active",
                "origin": null,
                "components": null,
                "image": "https://cdn.barbora.lt/products/10590c7f-fd21-4779-8c1a-1cef5bbb685a_s.png"
            },
            {
                "itemName": "Fermentinis DVARO s\u016bris, 50 % rieb. s. m., 240 g",
                "itemId": "000000000000528614",
                "itemUrl": "https://barbora.lt/produktai/fermentinis-dvaro-suris-50-proc-rieb-s-m-240-g",
                "categoryFullPath": "Pieno gaminiai ir kiau\u0161iniai/S\u016bris/Fermentiniai s\u016briai",
                "labelPrice": 2.99,
                "pricePerUnit": 12.46,
                "units": "kg",
                "packageAmount": 1.0,
                "description": null,
                "store": "Maxima",
                "availability": "active",
                "origin": null,
                "components": null,
                "image": "https://cdn.barbora.lt/products/6192b5e1-9bec-45e4-8585-973aa04f14bb_s.png"
            },
            {
                "itemName": "Tarkuotas kietasis s\u016bris D\u017dIUGAS, 40% rieb. s. m., 100 g",
                "itemId": "000000000000124919",
                "itemUrl": "https://barbora.lt/produktai/tarkuotas-kietasis-suris-dziugas-40-proc-rieb-s-m-100-g",
                "categoryFullPath": "Pieno gaminiai ir kiau\u0161iniai/S\u016bris/Kietieji s\u016briai",
                "labelPrice": 1.79,
                "pricePerUnit": 17.9,
                "units": "kg",
                "packageAmount": 1.0,
                "description": null,
                "store": "Maxima",
                "availability": "active",
                "origin": null,
                "components": null,
                "image": "https://cdn.barbora.lt/products/10de3385-5815-4c34-b50e-7066f45da6b8_s.png"
            },
            {
                "itemName": "\u017dEMAITIJOS grietin\u0117, 30%  rieb., 400 g",
                "itemId": "000000000000459548",
                "itemUrl": "https://barbora.lt/produktai/zemaitijos-grietine-30-proc-rieb-400-g",
                "categoryFullPath": "Pieno gaminiai ir kiau\u0161iniai/Grietin\u0117 ir grietin\u0117l\u0117/Grietin\u0117",
                "labelPrice": 2.69,
                "pricePerUnit": 6.73,
                "units": "kg",
                "packageAmount": 1.0,
                "description": null,
                "store": "Maxima",
                "availability": "active",
                "origin": null,
                "components": null,
                "image": "https://cdn.barbora.lt/products/8b33e592-8a66-4a3b-a9ec-7b1f820f01c1_s.png"
            },
            {
                "itemName": "UAT grietin\u0117l\u0117 FARM MILK, 30% rieb., 200 ml",
                "itemId": "000000000001001787",
                "itemUrl": "https://barbora.lt/produktai/uat-grietinele-farm-milk-30-proc-rieb-200-ml",
                "categoryFullPath": "Pieno gaminiai ir kiau\u0161iniai/Grietin\u0117 ir grietin\u0117l\u0117/Grietin\u0117l\u0117",
                "labelPrice": 0.85,
                "pricePerUnit": 4.25,
                "units": "l",
                "packageAmount": 1.0,
                "description": null,
                "store": "Maxima",
                "availability": "active",
                "origin": null,
                "components": null,
                "image": "https://cdn.barbora.lt/products/be754258-e59d-42b1-9d5f-39dcc52f273c_s.png"
            },
            {
                "itemName": "Laisvai laikom\u0173 vi\u0161t\u0173 kiau\u0161iniai FAVORIT, 10 vnt., 10 vnt.",
                "itemId": "000000000001264014",
                "itemUrl": "https://barbora.lt/produktai/laisvai-laikomu-vistu-kiausiniai-favorit-10-vnt-10-vnt",
                "categoryFullPath": "Pieno gaminiai ir kiau\u0161iniai/Kiau\u0161iniai/Vi\u0161t\u0173 kiau\u0161iniai",
                "labelPrice": 2.19,
                "pricePerUnit": 0.22,
                "units": "vnt.",
                "packageAmount": 1.0,
                "description": null,
                "store": "Maxima",
                "availability": "active",
                "origin": null,
                "components": null,
                "image": "https://cdn.barbora.lt/products/589efaea-e8f7-44d0-9d67-abaea1237273_s.png"
            },
            {
                "itemName": "Puskietis fermentinis DVARO s\u016bris, 50% rieb. s. m., 150 g",
                "itemId": "000000000000783613",
                "itemUrl": "https://barbora.lt/produktai/puskietis-fermentinis-dvaro-suris-50-proc-rieb-s-m-150-g",
                "categoryFullPath": "Pieno gaminiai ir kiau\u0161iniai/S\u016bris/Fermentiniai s\u016briai",
                "labelPrice": 1.99,
                "pricePerUnit": 13.27,
                "units": "kg",
                "packageAmount": 1.0,
                "description": null,
                "store": "Maxima",
                "availability": "active",
                "origin": null,
                "components": null,
                "image": "https://cdn.barbora.lt/products/225684ab-5936-4947-ad50-eae8eb9fb9bd_s.png"
            },
            {
                "itemName": "Laisvai laikom\u0173 vi\u0161t\u0173 kiau\u0161iniai KOKO, 10 vnt., 10 vnt.",
                "itemId": "000000000001267235",
                "itemUrl": "https://barbora.lt/produktai/laisvai-laikomu-vistu-kiausiniai-koko-10-vnt-10-vnt",
                "categoryFullPath": "Pieno gaminiai ir kiau\u0161iniai/Kiau\u0161iniai/Vi\u0161t\u0173 kiau\u0161iniai",
                "labelPrice": 2.49,
                "pricePerUnit": 0.25,
                "units": "vnt.",
                "packageAmount": 1.0,
                "description": null,
                "store": "Maxima",
                "availability": "active",
                "origin": null,
                "components": null,
                "image": "https://cdn.barbora.lt/products/fad504b2-0b1c-4eee-9608-a9c389a485ce_s.png"
            },
            {
                "itemName": "S\u016brio de\u0161rel\u0117s PIK-NIK, 40% rieb. s. m., 160 g",
                "itemId": "000000000000442359",
                "itemUrl": "https://barbora.lt/produktai/surio-desreles-pik-nik-40-proc-rieb-s-m-160-g",
                "categoryFullPath": "Pieno gaminiai ir kiau\u0161iniai/S\u016bris/S\u016brio u\u017ekand\u017eiai ir s\u016brio lazdel\u0117s",
                "labelPrice": 2.59,
                "pricePerUnit": 16.19,
                "units": "kg",
                "packageAmount": 1.0,
                "description": null,
                "store": "Maxima",
                "availability": "active",
                "origin": null,
                "components": null,
                "image": "https://cdn.barbora.lt/products/36534e5a-ce2d-48dd-949d-e0be9900e9c6_s.png"
            },
            {
                "itemName": "DVARO grietin\u0117, 30% rieb., 500 g",
                "itemId": "000000000000166614",
                "itemUrl": "https://barbora.lt/produktai/dvaro-grietine-30-proc-rieb-500-g",
                "categoryFullPath": "Pieno gaminiai ir kiau\u0161iniai/Grietin\u0117 ir grietin\u0117l\u0117/Grietin\u0117",
                "labelPrice": 2.99,
                "pricePerUnit": 5.98,
                "units": "kg",
                "packageAmount": 1.0,
                "description": null,
                "store": "Maxima",
                "availability": "active",
                "origin": null,
                "components": null,
                "image": "https://cdn.barbora.lt/products/7a1cf091-a5f7-40f2-b691-3c2ffa9624e9_s.png"
            },
            {
                "itemName": "Pusrieb\u0117 var\u0161k\u0117 FARM MILK, 9 % rieb., 180 g",
                "itemId": "000000000000166800",
                "itemUrl": "https://barbora.lt/produktai/pusriebe-varske-farm-milk-9-proc-rieb-180-g",
                "categoryFullPath": "Pieno gaminiai ir kiau\u0161iniai/Var\u0161k\u0117s produktai/Var\u0161k\u0117",
                "labelPrice": 0.79,
                "pricePerUnit": 4.39,
                "units": "kg",
                "packageAmount": 1.0,
                "description": null,
                "store": "Maxima",
                "availability": "active",
                "origin": null,
                "components": null,
                "image": "https://cdn.barbora.lt/products/c8d5026c-01d5-40b8-a56d-b1f3856d0a5e_s.png"
            },
            {
                "itemName": "Glaistytas s\u016brelis MAGIJA su vanile, 24 % rieb., 45 g",
                "itemId": "000000000000123086",
                "itemUrl": "https://barbora.lt/produktai/glaistytas-surelis-magija-su-vanile-24-proc-rieb-45-g",
                "categoryFullPath": "Pieno gaminiai ir kiau\u0161iniai/Var\u0161k\u0117s produktai/Var\u0161k\u0117s s\u016breliai",
                "labelPrice": 0.59,
                "pricePerUnit": 13.11,
                "units": "kg",
                "packageAmount": 2.0,
                "description": null,
                "store": "Maxima",
                "availability": "active",
                "origin": null,
                "components": null,
                "image": "https://cdn.barbora.lt/products/50de47d7-0f6b-40ee-92c4-92e9dcddd8eb_s.png"
            },
            {
                "itemName": "Mocarelos s\u016bris, min. 40 % rieb. s. m., s\u016bryme LUCIANO, 210 g",
                "itemId": "000000000001011468",
                "itemUrl": "https://barbora.lt/produktai/mocarelos-suris-min-40-proc-rieb-s-m-suryme-luciano-210-g",
                "categoryFullPath": "Pieno gaminiai ir kiau\u0161iniai/S\u016bris/Mocarelos ir buratos s\u016briai",
                "labelPrice": 0.79,
                "pricePerUnit": 3.76,
                "units": "kg",
                "packageAmount": 1.0,
                "description": null,
                "store": "Maxima",
                "availability": "active",
                "origin": null,
                "components": null,
                "image": "https://cdn.barbora.lt/products/4bc1f104-e2e4-4e56-a844-773014fb84a8_s.png"
            },
            {
                "itemName": "Roki\u0161kio NAMIN\u0116 grietin\u0117, 30% rieb., 400 g",
                "itemId": "000000000000534864",
                "itemUrl": "https://barbora.lt/produktai/rokiskio-namine-grietine-30-proc-rieb-400-g",
                "categoryFullPath": "Pieno gaminiai ir kiau\u0161iniai/Grietin\u0117 ir grietin\u0117l\u0117/Grietin\u0117",
                "labelPrice": 1.99,
                "pricePerUnit": 4.98,
                "units": "kg",
                "packageAmount": 1.0,
                "description": null,
                "store": "Maxima",
                "availability": "active",
                "origin": null,
                "components": null,
                "image": "https://cdn.barbora.lt/products/f9d51510-853c-437c-8a38-cd1b1248bd31_s.png"
            },
            {
                "itemName": "Pienas FARM MILK, 3,2 % rieb., 1 l",
                "itemId": "000000000001191624",
                "itemUrl": "https://barbora.lt/produktai/pienas-farm-milk-3-2-proc-rieb-1-l",
                "categoryFullPath": "Pieno gaminiai ir kiau\u0161iniai/Pienas/Pasterizuotas pienas",
                "labelPrice": 0.89,
                "pricePerUnit": 0.89,
                "units": "l",
                "packageAmount": 1.0,
                "description": null,
                "store": "Maxima",
                "availability": "active",
                "origin": null,
                "components": null,
                "image": "https://cdn.barbora.lt/products/b923684e-0610-4494-b75f-8fc689875583_s.png"
            },
            {
                "itemName": "Roki\u0161kio NAMINIS sviestas, 82% rieb., 180 g",
                "itemId": "000000000000529678",
                "itemUrl": "https://barbora.lt/produktai/rokiskio-naminis-sviestas-82-proc-rieb-180-g",
                "categoryFullPath": "Pieno gaminiai ir kiau\u0161iniai/Sviestas, margarinas ir riebalai/Sviestas",
                "labelPrice": 2.29,
                "pricePerUnit": 12.72,
                "units": "kg",
                "packageAmount": 1.0,
                "description": null,
                "store": "Maxima",
                "availability": "active",
                "origin": null,
                "components": null,
                "image": "https://cdn.barbora.lt/products/522456ec-7d8e-4e83-8e5c-954f3e85e0f9_s.png"
            },
            {
                "itemName": "ROKI\u0160KIO sviestas, 82% rieb., 200 g",
                "itemId": "000000000000167219",
                "itemUrl": "https://barbora.lt/produktai/rokiskio-sviestas-82-proc-rieb-200-g",
                "categoryFullPath": "Pieno gaminiai ir kiau\u0161iniai/Sviestas, margarinas ir riebalai/Sviestas",
                "labelPrice": 2.99,
                "pricePerUnit": 14.95,
                "units": "kg",
                "packageAmount": 1.0,
                "description": null,
                "store": "Maxima",
                "availability": "active",
                "origin": null,
                "components": null,
                "image": "https://cdn.barbora.lt/products/fa932015-2954-4278-9750-eb1fbd430598_s.png"
            },
            {
                "itemName": "Kietasis suris LATTE SOLARE, 37 % rieb. s. m., 180 g",
                "itemId": "000000000001284534",
                "itemUrl": "https://barbora.lt/produktai/kietasis-suris-latte-solare-37-proc-rieb-s-m-180-g",
                "categoryFullPath": "Pieno gaminiai ir kiau\u0161iniai/S\u016bris/Kietieji s\u016briai",
                "labelPrice": 2.59,
                "pricePerUnit": 14.39,
                "units": "kg",
                "packageAmount": 1.0,
                "description": null,
                "store": "Maxima",
                "availability": "active",
                "origin": null,
                "components": null,
                "image": "https://cdn.barbora.lt/products/6bc840f9-2279-4272-81f8-4e0067dfe323_s.png"
            },
            {
                "itemName": "UAT pienas FARM MILK, 2% rieb., 1 l",
                "itemId": "000000000000891999",
                "itemUrl": "https://barbora.lt/produktai/uat-pienas-farm-milk-2-proc-rieb-1-l",
                "categoryFullPath": "Pieno gaminiai ir kiau\u0161iniai/Pienas/Ilgo galiojimo pienas",
                "labelPrice": 0.95,
                "pricePerUnit": 0.95,
                "units": "l",
                "packageAmount": 1.0,
                "description": null,
                "store": "Maxima",
                "availability": "active",
                "origin": null,
                "components": null,
                "image": "https://cdn.barbora.lt/products/0e6e2845-485a-4c9d-96f2-98e599a919f1_s.png"
            },
            {
                "itemName": "Pienas SAUL\u0116S PIENAS, 3,5 % rieb., 1 l",
                "itemId": "000000000001046576",
                "itemUrl": "https://barbora.lt/produktai/pienas-saules-pienas-3-5-proc-rieb-1-l",
                "categoryFullPath": "Pieno gaminiai ir kiau\u0161iniai/Pienas/Pasterizuotas pienas",
                "labelPrice": 1.09,
                "pricePerUnit": 1.09,
                "units": "l",
                "packageAmount": 1.0,
                "description": null,
                "store": "Maxima",
                "availability": "active",
                "origin": null,
                "components": null,
                "image": "https://cdn.barbora.lt/products/03419280-3835-42d9-b39f-b8be5292a5f0_s.png"
            },
            {
                "itemName": "Pusriebis Roki\u0161kio NAMINIS pienas, 2,5% rieb., 900 ml",
                "itemId": "000000000000136878",
                "itemUrl": "https://barbora.lt/produktai/pusriebis-rokiskio-naminis-pienas-2-5-proc-rieb-900-ml",
                "categoryFullPath": "Pieno gaminiai ir kiau\u0161iniai/Pienas/Pasterizuotas pienas",
                "labelPrice": 1.39,
                "pricePerUnit": 1.54,
                "units": "l",
                "packageAmount": 1.0,
                "description": null,
                "store": "Maxima",
                "availability": "active",
                "origin": null,
                "components": null,
                "image": "https://cdn.barbora.lt/products/50d89af0-bbb5-4bb4-b707-bf6bcdb8e94d_s.png"
            },
            {
                "itemName": "Ekologi\u0161kas jogurtas DOBILAS, 3,8 % rieb., 125 g",
                "itemId": "000000000000552074",
                "itemUrl": "https://barbora.lt/produktai/ekologiskas-jogurtas-dobilas-3-8-proc-rieb-125-g",
                "categoryFullPath": "Pieno gaminiai ir kiau\u0161iniai/Jogurtai ir desertai/Jogurtai be pagard\u0173",
                "labelPrice": 0.69,
                "pricePerUnit": 5.52,
                "units": "kg",
                "packageAmount": 1.0,
                "description": null,
                "store": "Maxima",
                "availability": "active",
                "origin": null,
                "components": null,
                "image": "https://cdn.barbora.lt/products/ee86b4b3-cd8c-4cc5-b9e1-1efb268a72dc_s.png"
            },
            {
                "itemName": "Gr\u016bd\u0117ta var\u0161k\u0117, 7% rieb., 200 g",
                "itemId": "000000000000013162",
                "itemUrl": "https://barbora.lt/produktai/grudeta-varske-7-proc-rieb-200-g",
                "categoryFullPath": "Pieno gaminiai ir kiau\u0161iniai/Var\u0161k\u0117s produktai/Gr\u016bd\u0117ta var\u0161k\u0117",
                "labelPrice": 1.49,
                "pricePerUnit": 7.45,
                "units": "kg",
                "packageAmount": 1.0,
                "description": null,
                "store": "Maxima",
                "availability": "active",
                "origin": null,
                "components": null,
                "image": "https://cdn.barbora.lt/products/201fba12-e5cc-47b8-ad95-7580e2a0bc1e_s.png"
            },
            {
                "itemName": "Nat\u016bralus DVARO pienas, 3,5 % rieb., 2 l",
                "itemId": "000000000000146541",
                "itemUrl": "https://barbora.lt/produktai/naturalus-dvaro-pienas-3-5-proc-rieb-2-l",
                "categoryFullPath": "Pieno gaminiai ir kiau\u0161iniai/Pienas/Pasterizuotas pienas",
                "labelPrice": 2.95,
                "pricePerUnit": 1.48,
                "units": "l",
                "packageAmount": 1.0,
                "description": null,
                "store": "Maxima",
                "availability": "active",
                "origin": null,
                "components": null,
                "image": "https://cdn.barbora.lt/products/f5a1e731-91fc-4dc0-881b-715a8d57a5f5_s.png"
            },
            {
                "itemName": "Grietin\u0117 SAUL\u0116S PIENAS, 30% rieb., 200 g",
                "itemId": "000000000001012516",
                "itemUrl": "https://barbora.lt/produktai/grietine-saules-pienas-30-proc-rieb-200-g",
                "categoryFullPath": "Pieno gaminiai ir kiau\u0161iniai/Grietin\u0117 ir grietin\u0117l\u0117/Grietin\u0117",
                "labelPrice": 0.99,
                "pricePerUnit": 4.95,
                "units": "kg",
                "packageAmount": 1.0,
                "description": null,
                "store": "Maxima",
                "availability": "active",
                "origin": null,
                "components": null,
                "image": "https://cdn.barbora.lt/products/4ccad379-6cce-457e-af8c-f0d63e1218be_s.png"
            },
            {
                "itemName": "Pusrieb\u0117 var\u0161k\u0117 FARM MILK, 8 % rieb., 250 g",
                "itemId": "000000000001160574",
                "itemUrl": "https://barbora.lt/produktai/pusriebe-varske-farm-milk-8-proc-rieb-250-g",
                "categoryFullPath": "Pieno gaminiai ir kiau\u0161iniai/Var\u0161k\u0117s produktai/Var\u0161k\u0117",
                "labelPrice": 0.99,
                "pricePerUnit": 3.96,
                "units": "kg",
                "packageAmount": 1.0,
                "description": null,
                "store": "Maxima",
                "availability": "active",
                "origin": null,
                "components": null,
                "image": "https://cdn.barbora.lt/products/f3b69b4d-aa70-4227-a12f-f147ec3d77cc_s.png"
            },
            {
                "itemName": "UAT grietin\u0117l\u0117 FARM MILK, 10% rieb., 500 ml",
                "itemId": "000000000000952513",
                "itemUrl": "https://barbora.lt/produktai/uat-grietinele-farm-milk-10-proc-rieb-500-ml",
                "categoryFullPath": "Pieno gaminiai ir kiau\u0161iniai/Grietin\u0117 ir grietin\u0117l\u0117/Grietin\u0117l\u0117",
                "labelPrice": 0.99,
                "pricePerUnit": 1.98,
                "units": "l",
                "packageAmount": 1.0,
                "description": null,
                "store": "Maxima",
                "availability": "active",
                "origin": null,
                "components": null,
                "image": "https://cdn.barbora.lt/products/0b1ee3b3-d055-43dc-b08b-ccde1e474e89_s.png"
            },
            {
                "itemName": "OLANDI\u0160KAS s\u016bris SAUL\u0116S PIENAS, 48% rieb. s. m., 200 g",
                "itemId": "000000000001039545",
                "itemUrl": "https://barbora.lt/produktai/olandiskas-suris-saules-pienas-48-proc-rieb-s-m-200-g",
                "categoryFullPath": "Pieno gaminiai ir kiau\u0161iniai/S\u016bris/Fermentiniai s\u016briai",
                "labelPrice": 1.89,
                "pricePerUnit": 9.45,
                "units": "kg",
                "packageAmount": 1.0,
                "description": null,
                "store": "Maxima",
                "availability": "active",
                "origin": null,
                "components": null,
                "image": "https://cdn.barbora.lt/products/be24857e-3424-4bbf-8927-204e0fa5973e_s.png"
            },
            {
                "itemName": "VILKY\u0160KI\u0172 kefyras, 2,5% rieb., 1 kg",
                "itemId": "000000000000887034",
                "itemUrl": "https://barbora.lt/produktai/vilkyskiu-kefyras-2-5-proc-rieb-1-kg",
                "categoryFullPath": "Pieno gaminiai ir kiau\u0161iniai/Kefyras, r\u016bgpienis ir pasukos/Kefyras ir kefyro g\u0117rimai",
                "labelPrice": 1.95,
                "pricePerUnit": 1.95,
                "units": "kg",
                "packageAmount": 1.0,
                "description": null,
                "store": "Maxima",
                "availability": "active",
                "origin": null,
                "components": null,
                "image": "https://cdn.barbora.lt/products/a35a367c-42dd-4b1f-a227-d5e3f538535a_s.png"
            },
            {
                "itemName": "Pienas FARM MILK, 2% rieb., 1 l",
                "itemId": "000000000001001777",
                "itemUrl": "https://barbora.lt/produktai/pienas-farm-milk-2-proc-rieb-1-l",
                "categoryFullPath": "Pieno gaminiai ir kiau\u0161iniai/Pienas/Pasterizuotas pienas",
                "labelPrice": 0.79,
                "pricePerUnit": 0.79,
                "units": "l",
                "packageAmount": 1.0,
                "description": null,
                "store": "Maxima",
                "availability": "active",
                "origin": null,
                "components": null,
                "image": "https://cdn.barbora.lt/products/4ec1f924-76bf-4013-bddb-4a1d90001207_s.png"
            },
            {
                "itemName": "Pienas, 2,5% rieb. \"DVARO\", pak. 1L, 1 l",
                "itemId": "000000000000476289",
                "itemUrl": "https://barbora.lt/produktai/pienas-2-5-proc-rieb-dvaro-pak-1-l-1-l",
                "categoryFullPath": "Pieno gaminiai ir kiau\u0161iniai/Pienas/Pasterizuotas pienas",
                "labelPrice": 1.49,
                "pricePerUnit": 1.49,
                "units": "l",
                "packageAmount": 1.0,
                "description": null,
                "store": "Maxima",
                "availability": "active",
                "origin": null,
                "components": null,
                "image": "https://cdn.barbora.lt/products/6dc50b1e-4336-415c-9fce-f4d72a15bf86_s.png"
            },
            {
                "itemName": "Graiki\u0161kas\u00a0jogurtas GRAIKI\u0160KA AMFORA (nat\u016bralus), 370 g",
                "itemId": "000000000001096030",
                "itemUrl": "https://barbora.lt/produktai/graikiskas-jogurtas-graikiska-amfora-naturalus-370-g",
                "categoryFullPath": "Pieno gaminiai ir kiau\u0161iniai/Jogurtai ir desertai/Jogurtai be pagard\u0173",
                "labelPrice": 1.99,
                "pricePerUnit": 5.38,
                "units": "kg",
                "packageAmount": 1.0,
                "description": null,
                "store": "Maxima",
                "availability": "active",
                "origin": null,
                "components": null,
                "image": "https://cdn.barbora.lt/products/081df5d7-2165-42e3-819c-3cb7eb88a1b7_s.png"
            },
            {
                "itemName": "Jogurtas FANTASIA su \u0161okoladiniais rutuliukais, 8,2% rieb., 100 g",
                "itemId": "000000000000805303",
                "itemUrl": "https://barbora.lt/produktai/jogurtas-fantasia-su-sokoladiniais-rutuliukais-8-2-proc-rieb-100-g",
                "categoryFullPath": "Pieno gaminiai ir kiau\u0161iniai/Jogurtai ir desertai/Jogurtai su pagardais",
                "labelPrice": 0.86,
                "pricePerUnit": 8.6,
                "units": "kg",
                "packageAmount": 1.0,
                "description": null,
                "store": "Maxima",
                "availability": "active",
                "origin": null,
                "components": null,
                "image": "https://cdn.barbora.lt/products/97b9acd0-4997-43ba-9ba8-aff4ee4292a2_s.png"
            },
            {
                "itemName": "Pienas UHT be laktoz\u0117s, 3,2% riebumo, 1 l",
                "itemId": "000000000001189550",
                "itemUrl": "https://barbora.lt/produktai/pienas-uht-be-laktozes-3-2-proc-riebumo-1-l",
                "categoryFullPath": "Pieno gaminiai ir kiau\u0161iniai/Produktai be laktoz\u0117s/Pienas ir g\u0117rimai be laktoz\u0117s",
                "labelPrice": 1.09,
                "pricePerUnit": 1.09,
                "units": "l",
                "packageAmount": 1.0,
                "description": null,
                "store": "Maxima",
                "availability": "active",
                "origin": null,
                "components": null,
                "image": "https://cdn.barbora.lt/products/aaf023e3-1af7-41f3-94f8-c42fe0e50352_s.png"
            },
            {
                "itemName": "Var\u0161k\u0117s s\u016brelis MAGIJA su kakav. ir \u0161ok. sk. gab., 24% rieb., 45 g",
                "itemId": "000000000000688085",
                "itemUrl": "https://barbora.lt/produktai/varskes-surelis-magija-su-kakav-ir-sok-sk-gab-24-proc-rieb-45-g",
                "categoryFullPath": "Pieno gaminiai ir kiau\u0161iniai/Var\u0161k\u0117s produktai/Var\u0161k\u0117s s\u016breliai",
                "labelPrice": 0.59,
                "pricePerUnit": 13.11,
                "units": "kg",
                "packageAmount": 2.0,
                "description": null,
                "store": "Maxima",
                "availability": "active",
                "origin": null,
                "components": null,
                "image": "https://cdn.barbora.lt/products/32f20f27-9995-4b0f-9646-2e21dccfc53d_s.png"
            },
            {
                "itemName": "Var\u0161k\u0117 SAUL\u0116S PIENAS, pusrieb\u0117, 9 %, 1 kg",
                "itemId": "000000000001272375",
                "itemUrl": "https://barbora.lt/produktai/varske-saules-pienas-pusriebe-9-proc-1-kg",
                "categoryFullPath": "Pieno gaminiai ir kiau\u0161iniai/Var\u0161k\u0117s produktai/Var\u0161k\u0117",
                "labelPrice": 4.99,
                "pricePerUnit": 4.99,
                "units": "kg",
                "packageAmount": 1.15,
                "description": null,
                "store": "Maxima",
                "availability": "active",
                "origin": null,
                "components": null,
                "image": "https://cdn.barbora.lt/products/157d7317-05fc-40e6-bee1-e07c89138a10_s.png"
            },
            {
                "itemName": "Gl. var\u0161k\u0117s s\u016brelis NYK\u0160TUKAS su kondens. pienu, 21% rieb., 45 g",
                "itemId": "000000000000648642",
                "itemUrl": "https://barbora.lt/produktai/gl-varskes-surelis-nykstukas-su-kondens-pienu-21-proc-rieb-45-g",
                "categoryFullPath": "Pieno gaminiai ir kiau\u0161iniai/Var\u0161k\u0117s produktai/Var\u0161k\u0117s s\u016breliai",
                "labelPrice": 0.59,
                "pricePerUnit": 13.11,
                "units": "kg",
                "packageAmount": 2.0,
                "description": null,
                "store": "Maxima",
                "availability": "active",
                "origin": null,
                "components": null,
                "image": "https://cdn.barbora.lt/products/2005d997-576c-401f-bd08-66464aecf588_s.png"
            },
            {
                "itemName": "Majonezas HELLMANN'S ORIGINAL, 405 ml, 405 ml",
                "itemId": "000000000001270602",
                "itemUrl": "https://barbora.lt/produktai/majonezas-hellmann-s-original-405-ml-405-ml",
                "categoryFullPath": "Pieno gaminiai ir kiau\u0161iniai/Majonezas/Majonezas",
                "labelPrice": 3.09,
                "pricePerUnit": 7.63,
                "units": "l",
                "packageAmount": 1.0,
                "description": null,
                "store": "Maxima",
                "availability": "active",
                "origin": null,
                "components": null,
                "image": "https://cdn.barbora.lt/products/189ad8e6-601c-4284-b288-6326e278c08a_s.png"
            }
        ]
    },
    {
        "category": "\r\n                        Bakal\u0117ja\r\n                    ",
        "categoryUrl": "https://barbora.lt/bakaleja",
        "responseUrl": "https://barbora.lt/",
        "items": [
            {
                "itemName": "Juodoji arbata TWININGS EARL GREY, 25 vnt.",
                "itemId": "000000000001007046",
                "itemUrl": "https://barbora.lt/produktai/juodoji-arbata-twinings-earl-grey-25-vnt",
                "categoryFullPath": "Bakal\u0117ja/Arbata/Juodoji arbata",
                "labelPrice": 3.99,
                "pricePerUnit": 0.16,
                "units": "vnt.",
                "packageAmount": 1.0,
                "description": null,
                "store": "Maxima",
                "availability": "active",
                "origin": null,
                "components": null,
                "image": "https://cdn.barbora.lt/products/79f1eb70-c7af-44f3-ab65-4fc49010b4ac_s.png"
            },
            {
                "itemName": "Malta kava JACOBS KRONUNG, 500 g",
                "itemId": "000000000000014336",
                "itemUrl": "https://barbora.lt/produktai/malta-kava-jacobs-kronung-500-g",
                "categoryFullPath": "Bakal\u0117ja/Kava, kavos g\u0117rimai ir kakava/Malta kava",
                "labelPrice": 5.09,
                "pricePerUnit": 10.18,
                "units": "kg",
                "packageAmount": 1.0,
                "description": null,
                "store": "Maxima",
                "availability": "active",
                "origin": null,
                "components": null,
                "image": "https://cdn.barbora.lt/products/7078dfca-d51b-4b6f-9956-0ff680e03bba_s.png"
            },
            {
                "itemName": "Tepamasis kremas Nutella su lazdyn\u0173 rie\u0161utais ir kakava, 600 g",
                "itemId": "000000000000910863",
                "itemUrl": "https://barbora.lt/produktai/tepamasis-kremas-nutella-su-lazdynu-riesutais-ir-kakava-600-g",
                "categoryFullPath": "Bakal\u0117ja/Saldumynai/\u0160okolado ir rie\u0161ut\u0173 kremai",
                "labelPrice": 5.89,
                "pricePerUnit": 9.82,
                "units": "kg",
                "packageAmount": 1.0,
                "description": null,
                "store": "Maxima",
                "availability": "active",
                "origin": null,
                "components": null,
                "image": "https://cdn.barbora.lt/products/b5f3771f-4ca1-4de6-86e3-292419cc7851_s.png"
            },
            {
                "itemName": "Ekologi\u0161ka raugint\u0173 kop\u016bst\u0173 sriuba AUGA, 400 g",
                "itemId": "000000000001277578",
                "itemUrl": "https://barbora.lt/produktai/ekologiska-raugintu-kopustu-sriuba-auga-400-g",
                "categoryFullPath": "Bakal\u0117ja/Konservuotas maistas/Konservuotos sriubos",
                "labelPrice": 1.34,
                "pricePerUnit": 3.35,
                "units": "kg",
                "packageAmount": 1.0,
                "description": null,
                "store": "Maxima",
                "availability": "active",
                "origin": null,
                "components": null,
                "image": "https://cdn.barbora.lt/products/83535224-311d-46ab-b5a6-cff2a2dc2a1d_s.png"
            },
            {
                "itemName": "Greitai paruo\u0161. makar. SUN YAN (azijieti\u0161kos vi\u0161tienos sk.), 65 g",
                "itemId": "000000000001255353",
                "itemUrl": "https://barbora.lt/produktai/greitai-paruos-makar-sun-yan-azijietiskos-vistienos-sk-65-g",
                "categoryFullPath": "Bakal\u0117ja/Greitai paruo\u0161iamas maistas/Greitai paruo\u0161iami makaronai",
                "labelPrice": 1.19,
                "pricePerUnit": 18.31,
                "units": "kg",
                "packageAmount": 1.0,
                "description": null,
                "store": "Maxima",
                "availability": "active",
                "origin": null,
                "components": null,
                "image": "https://cdn.barbora.lt/products/a8479673-1c93-4980-a69f-207bbe0c75f5_s.png"
            },
            {
                "itemName": "Kavos pupel\u0117s ESPRESSO ITALIANO, 1 kg",
                "itemId": "000000000000747875",
                "itemUrl": "https://barbora.lt/produktai/kavos-pupeles-espresso-italiano-1-kg",
                "categoryFullPath": "Bakal\u0117ja/Kava, kavos g\u0117rimai ir kakava/Kavos pupel\u0117s",
                "labelPrice": 17.99,
                "pricePerUnit": 17.99,
                "units": "kg",
                "packageAmount": 1.0,
                "description": null,
                "store": "Maxima",
                "availability": "active",
                "origin": null,
                "components": null,
                "image": "https://cdn.barbora.lt/products/43b1dfaa-eef2-42e2-ac67-5c44e196af96_s.png"
            },
            {
                "itemName": "Juodoji arbata ETNO \u0160RI LANKA, 40 g",
                "itemId": "000000000001247964",
                "itemUrl": "https://barbora.lt/produktai/juodoji-arbata-etno-sri-lanka-40-g",
                "categoryFullPath": "Bakal\u0117ja/Arbata/Juodoji arbata",
                "labelPrice": 1.01,
                "pricePerUnit": 25.25,
                "units": "kg",
                "packageAmount": 1.0,
                "description": null,
                "store": "Maxima",
                "availability": "active",
                "origin": null,
                "components": null,
                "image": "https://cdn.barbora.lt/products/02989603-0050-4c8e-b691-373eba3f0209_s.png"
            },
            {
                "itemName": "Juodoji Ceilono arbata DILMAH PREMIUM, 200 g",
                "itemId": "000000000001053437",
                "itemUrl": "https://barbora.lt/produktai/juodoji-ceilono-arbata-dilmah-premium-200-g",
                "categoryFullPath": "Bakal\u0117ja/Arbata/Juodoji arbata",
                "labelPrice": 2.99,
                "pricePerUnit": 14.95,
                "units": "kg",
                "packageAmount": 1.0,
                "description": null,
                "store": "Maxima",
                "availability": "active",
                "origin": null,
                "components": null,
                "image": "https://cdn.barbora.lt/products/d6707642-1c99-46d8-b8e6-57d0ed44ae9b_s.png"
            },
            {
                "itemName": "Konservuoti smulkinti arti\u0161okai GUSTOSELLI, 280 g",
                "itemId": "000000000000822372",
                "itemUrl": "https://barbora.lt/produktai/konservuoti-smulkinti-artisokai-gustoselli-280-g",
                "categoryFullPath": "Bakal\u0117ja/Konservuotas maistas/Kitos konservuotos dar\u017eov\u0117s",
                "labelPrice": 2.95,
                "pricePerUnit": 10.54,
                "units": "kg",
                "packageAmount": 1.0,
                "description": null,
                "store": "Maxima",
                "availability": "active",
                "origin": null,
                "components": null,
                "image": "https://cdn.barbora.lt/products/d2d3a5eb-6636-44b0-9ec9-0634b69418ef_s.png"
            },
            {
                "itemName": "Tra\u0161kios DAR\u017dOVIN\u0116S duonos riekel\u0117s su burok\u0117liais, 120 g",
                "itemId": "000000000001185041",
                "itemUrl": "https://barbora.lt/produktai/traskios-darzovines-duonos-riekeles-su-burokeliais-120-g",
                "categoryFullPath": "Bakal\u0117ja/U\u017ekand\u017eiai/Kepinta duona ir duonos tra\u0161ku\u010diai",
                "labelPrice": 1.89,
                "pricePerUnit": 15.75,
                "units": "kg",
                "packageAmount": 1.0,
                "description": null,
                "store": "Maxima",
                "availability": "active",
                "origin": null,
                "components": null,
                "image": "https://cdn.barbora.lt/products/20a8eccf-a420-48b3-a474-9afdd7b42973_s.png"
            },
            {
                "itemName": "Makaronai DELVERDE SU lin\u0173 s\u0117men\u0173 miltais (vamz.), 450 g",
                "itemId": "000000000001047087",
                "itemUrl": "https://barbora.lt/produktai/makaronai-delverde-su-linu-semenu-miltais-vamz-450-g",
                "categoryFullPath": "Bakal\u0117ja/Makaronai/Trumpieji makaronai",
                "labelPrice": 2.39,
                "pricePerUnit": 5.31,
                "units": "kg",
                "packageAmount": 1.0,
                "description": null,
                "store": "Maxima",
                "availability": "active",
                "origin": null,
                "components": null,
                "image": "https://cdn.barbora.lt/products/a3db1de9-62dd-4cc2-9fa4-a6d3d6685c1f_s.png"
            },
            {
                "itemName": "L\u0119\u0161i\u0173 kruopainis BUON GUSTO, 180 g",
                "itemId": "000000000001129184",
                "itemUrl": "https://barbora.lt/produktai/lesiu-kruopainis-buon-gusto-180-g",
                "categoryFullPath": "Bakal\u0117ja/Kruopos/Kitos kruopos",
                "labelPrice": 2.29,
                "pricePerUnit": 12.72,
                "units": "kg",
                "packageAmount": 1.0,
                "description": null,
                "store": "Maxima",
                "availability": "active",
                "origin": null,
                "components": null,
                "image": "https://cdn.barbora.lt/products/3083a284-6467-4094-8e84-d523cc4985db_s.png"
            },
            {
                "itemName": "Raudonosios bolivin\u0117s balandos BUON GUSTO, 350 g",
                "itemId": "000000000001007159",
                "itemUrl": "https://barbora.lt/produktai/raudonosios-bolivines-balandos-buon-gusto-350-g",
                "categoryFullPath": "Bakal\u0117ja/Kruopos/Kitos kruopos",
                "labelPrice": 4.19,
                "pricePerUnit": 11.97,
                "units": "kg",
                "packageAmount": 1.0,
                "description": null,
                "store": "Maxima",
                "availability": "active",
                "origin": null,
                "components": null,
                "image": "https://cdn.barbora.lt/products/3359b3e2-535c-473a-97a6-d0fa5d8dd9ac_s.png"
            },
            {
                "itemName": "Medaus desert\u0173 rinkinys su citrinomis,imbierais ir aviet\u0117mis, 240 g",
                "itemId": "000000000001125131",
                "itemUrl": "https://barbora.lt/produktai/medaus-desertu-rinkinys-su-citrinomis-imbierais-ir-avietemis-240-g",
                "categoryFullPath": "Bakal\u0117ja/Konservuotas maistas/Medus",
                "labelPrice": 8.69,
                "pricePerUnit": 36.21,
                "units": "kg",
                "packageAmount": 1.0,
                "description": null,
                "store": "Maxima",
                "availability": "active",
                "origin": null,
                "components": null,
                "image": "https://cdn.barbora.lt/products/eb65c8b3-8338-4926-8205-0fbeda0a6c54_s.png"
            },
            {
                "itemName": "Medaus desert\u0173 rinkinys/\u0161alt.,citrin,imbieras ir aviet\u0117, 360 g",
                "itemId": "000000000001125136",
                "itemUrl": "https://barbora.lt/produktai/medaus-desertu-rinkinys-salt-citrin-imbieras-ir-aviete-360-g",
                "categoryFullPath": "Bakal\u0117ja/Konservuotas maistas/Medus",
                "labelPrice": 11.99,
                "pricePerUnit": 33.31,
                "units": "kg",
                "packageAmount": 1.0,
                "description": null,
                "store": "Maxima",
                "availability": "active",
                "origin": null,
                "components": null,
                "image": "https://cdn.barbora.lt/products/4420bdb0-f591-4a24-909f-d0197eebf2da_s.png"
            },
            {
                "itemName": "Saldikli\u0173 mi\u0161inys STEVIOL ALVO, 120 g",
                "itemId": "000000000001069583",
                "itemUrl": "https://barbora.lt/produktai/saldikliu-misinys-steviol-alvo-120-g",
                "categoryFullPath": "Bakal\u0117ja/Priedai maistui ruo\u0161ti/Cukrus, saldikliai ir druska",
                "labelPrice": 2.49,
                "pricePerUnit": 20.75,
                "units": "kg",
                "packageAmount": 1.0,
                "description": null,
                "store": "Maxima",
                "availability": "active",
                "origin": null,
                "components": null,
                "image": "https://cdn.barbora.lt/products/fb4ff7fa-4f24-45f8-a8ea-3274f3e99af6_s.png"
            },
            {
                "itemName": "Juodasis \u0161okoladas ROSHEN, 56%, 90 g",
                "itemId": "000000000001139772",
                "itemUrl": "https://barbora.lt/produktai/juodasis-sokoladas-roshen-56-proc-90-g",
                "categoryFullPath": "Bakal\u0117ja/\u0160okoladas/Juodasis \u0161okoladas",
                "labelPrice": 0.99,
                "pricePerUnit": 11.0,
                "units": "kg",
                "packageAmount": 1.0,
                "description": null,
                "store": "Maxima",
                "availability": "active",
                "origin": null,
                "components": null,
                "image": "https://cdn.barbora.lt/products/9bedb99a-f9b0-4402-a56c-6ab6fd154b02_s.png"
            },
            {
                "itemName": "Japoni\u0161k\u0173 krien\u0173 skonio \u017eem\u0117s rie\u0161utai J\u0116GA, 200 g",
                "itemId": "000000000000572912",
                "itemUrl": "https://barbora.lt/produktai/japonisku-krienu-skonio-zemes-riesutai-jega-200-g",
                "categoryFullPath": "Bakal\u0117ja/Rie\u0161utai, s\u0117klos, d\u017eiovinti vaisiai, uogos ir dar\u017eov\u0117s/\u017dem\u0117s rie\u0161utai",
                "labelPrice": 1.39,
                "pricePerUnit": 6.95,
                "units": "kg",
                "packageAmount": 1.0,
                "description": null,
                "store": "Maxima",
                "availability": "active",
                "origin": null,
                "components": null,
                "image": "https://cdn.barbora.lt/products/8bd43c5b-d2b2-4a2a-a8e7-35403d782845_s.png"
            },
            {
                "itemName": "Malta kava JACOBS SELECTION, 250 g",
                "itemId": "000000000001144898",
                "itemUrl": "https://barbora.lt/produktai/malta-kava-jacobs-selection-250-g",
                "categoryFullPath": "Bakal\u0117ja/Kava, kavos g\u0117rimai ir kakava/Malta kava",
                "labelPrice": 3.41,
                "pricePerUnit": 13.64,
                "units": "kg",
                "packageAmount": 1.0,
                "description": null,
                "store": "Maxima",
                "availability": "active",
                "origin": null,
                "components": null,
                "image": "https://cdn.barbora.lt/products/80663eb3-f487-4774-abab-ade0b41b11ea_s.png"
            },
            {
                "itemName": "Tirp\u016bs kakavos g\u0117rimo milteliai DELIKA su skaidulomis, 200 g",
                "itemId": "000000000001207675",
                "itemUrl": "https://barbora.lt/produktai/tirpus-kakavos-gerimo-milteliai-delika-su-skaidulomis-200-g",
                "categoryFullPath": "Bakal\u0117ja/Kava, kavos g\u0117rimai ir kakava/Kakava",
                "labelPrice": 1.39,
                "pricePerUnit": 6.95,
                "units": "kg",
                "packageAmount": 1.0,
                "description": null,
                "store": "Maxima",
                "availability": "active",
                "origin": null,
                "components": null,
                "image": "https://cdn.barbora.lt/products/55e70d7f-8110-41c8-860b-b631295cff9e_s.png"
            },
            {
                "itemName": "Perlinis kuskusas BUON GUSTO, 500 g",
                "itemId": "000000000001167706",
                "itemUrl": "https://barbora.lt/produktai/perlinis-kuskusas-buon-gusto-500-g",
                "categoryFullPath": "Bakal\u0117ja/Kruopos/Kvietin\u0117s ir mie\u017ein\u0117s kruopos",
                "labelPrice": 3.49,
                "pricePerUnit": 6.98,
                "units": "kg",
                "packageAmount": 1.0,
                "description": null,
                "store": "Maxima",
                "availability": "active",
                "origin": null,
                "components": null,
                "image": "https://cdn.barbora.lt/products/4220e8ea-e030-4d53-b17f-c40e2d58bbcf_s.png"
            },
            {
                "itemName": "U\u017ekand\u017ei\u0173 agurkai SPILVA (pjaustyti i\u0161ilgai), 460 g",
                "itemId": "000000000001027596",
                "itemUrl": "https://barbora.lt/produktai/uzkandziu-agurkai-spilva-pjaustyti-isilgai-460-g",
                "categoryFullPath": "Bakal\u0117ja/Konservuotas maistas/Konservuoti agurkai",
                "labelPrice": 2.29,
                "pricePerUnit": 4.98,
                "units": "kg",
                "packageAmount": 1.0,
                "description": null,
                "store": "Maxima",
                "availability": "active",
                "origin": null,
                "components": null,
                "image": "https://cdn.barbora.lt/products/2f1da2e8-6bdf-456a-8bb6-2037e42d8dce_s.png"
            },
            {
                "itemName": "Saul\u0117je d\u017eiovinti pomidorai BONTA DI PUGLIA aliejuje, 950 g",
                "itemId": "000000000001022526",
                "itemUrl": "https://barbora.lt/produktai/sauleje-dziovinti-pomidorai-bonta-di-puglia-aliejuje-950-g",
                "categoryFullPath": "Bakal\u0117ja/Konservuotas maistas/Konservuoti pomidorai",
                "labelPrice": 7.59,
                "pricePerUnit": 7.99,
                "units": "kg",
                "packageAmount": 1.0,
                "description": null,
                "store": "Maxima",
                "availability": "active",
                "origin": null,
                "components": null,
                "image": "https://cdn.barbora.lt/products/f04e3af1-9ff4-4218-962e-cc0d6af2b006_s.png"
            },
            {
                "itemName": "Aitri\u0173j\u0173 paprik\u0173 pada\u017eas ENCONA (a\u0161trus), 142 ml",
                "itemId": "000000000001084330",
                "itemUrl": "https://barbora.lt/produktai/aitriuju-papriku-padazas-encona-astrus-142-ml",
                "categoryFullPath": "Bakal\u0117ja/Pada\u017eai ir u\u017etep\u0117l\u0117s/Aitri\u0173j\u0173 paprik\u0173 pada\u017eai",
                "labelPrice": 2.15,
                "pricePerUnit": 15.14,
                "units": "l",
                "packageAmount": 1.0,
                "description": null,
                "store": "Maxima",
                "availability": "active",
                "origin": null,
                "components": null,
                "image": "https://cdn.barbora.lt/products/5d558056-e8cf-458c-bd2b-8a05decedfee_s.png"
            },
            {
                "itemName": "Raps\u0173 aliejus FLORIOL su pipirais, pomidorais, bazilikais, 250 ml",
                "itemId": "000000000001003717",
                "itemUrl": "https://barbora.lt/produktai/rapsu-aliejus-floriol-su-pipirais-pomidorais-bazilikais-250-ml",
                "categoryFullPath": "Bakal\u0117ja/Aliejus ir actas/Raps\u0173 aliejus",
                "labelPrice": 2.79,
                "pricePerUnit": 11.16,
                "units": "l",
                "packageAmount": 1.0,
                "description": null,
                "store": "Maxima",
                "availability": "active",
                "origin": null,
                "components": null,
                "image": "https://cdn.barbora.lt/products/edb42c8f-861f-441b-8ddd-b09bef2e852b_s.png"
            },
            {
                "itemName": "Tirpi granuliuota kava AROMA PLATINUM, 200 g",
                "itemId": "000000000001023671",
                "itemUrl": "https://barbora.lt/produktai/tirpi-granuliuota-kava-aroma-platinum-200-g",
                "categoryFullPath": "Bakal\u0117ja/Kava, kavos g\u0117rimai ir kakava/Tirpioji kava",
                "labelPrice": 6.53,
                "pricePerUnit": 32.65,
                "units": "kg",
                "packageAmount": 1.0,
                "description": null,
                "store": "Maxima",
                "availability": "active",
                "origin": null,
                "components": null,
                "image": "https://cdn.barbora.lt/products/1c073d77-3bc0-4146-8ee9-0e6302b34319_s.png"
            },
            {
                "itemName": "\u017dem\u0117s rie\u0161utai ALVO su tra\u0161kia luobele (paprik\u0173 sk.), 150 g",
                "itemId": "000000000001105574",
                "itemUrl": "https://barbora.lt/produktai/zemes-riesutai-alvo-su-traskia-luobele-papriku-sk-150-g",
                "categoryFullPath": "Bakal\u0117ja/Rie\u0161utai, s\u0117klos, d\u017eiovinti vaisiai, uogos ir dar\u017eov\u0117s/\u017dem\u0117s rie\u0161utai",
                "labelPrice": 1.59,
                "pricePerUnit": 10.6,
                "units": "kg",
                "packageAmount": 1.0,
                "description": null,
                "store": "Maxima",
                "availability": "active",
                "origin": null,
                "components": null,
                "image": "https://cdn.barbora.lt/products/ab3b2413-2c27-418e-8fb0-aa228b929691_s.png"
            },
            {
                "itemName": "Spraginamieji kukur\u016bzai MOGYI, 200 g",
                "itemId": "000000000000145318",
                "itemUrl": "https://barbora.lt/produktai/spraginamieji-kukuruzai-mogyi-200-g",
                "categoryFullPath": "Bakal\u0117ja/U\u017ekand\u017eiai/Kukur\u016bz\u0173 lazdel\u0117s ir sprag\u0117siai",
                "labelPrice": 0.79,
                "pricePerUnit": 3.95,
                "units": "kg",
                "packageAmount": 1.0,
                "description": null,
                "store": "Maxima",
                "availability": "active",
                "origin": null,
                "components": null,
                "image": "https://cdn.barbora.lt/products/bd7625ef-5b27-48bb-831c-6c67edc3ee89_s.png"
            },
            {
                "itemName": "Dribsni\u0173 baton\u0117lis NESTLE FITNESS su \u0161okoladu, 23.5 g",
                "itemId": "000000000000655272",
                "itemUrl": "https://barbora.lt/produktai/dribsniu-batonelis-nestle-fitness-su-sokoladu-23-5-g",
                "categoryFullPath": "Bakal\u0117ja/Sausi pusry\u010diai, dribsniai ir javaini\u0173 baton\u0117liai/Javaini\u0173 baton\u0117liai",
                "labelPrice": 0.59,
                "pricePerUnit": 25.11,
                "units": "kg",
                "packageAmount": 1.0,
                "description": null,
                "store": "Maxima",
                "availability": "active",
                "origin": null,
                "components": null,
                "image": "https://cdn.barbora.lt/products/713ea9e8-6a75-42a8-93cd-13f0a14a9db2_s.png"
            },
            {
                "itemName": "Ekologi\u0161kos luk\u0161tent\u0173 kanapi\u0173 s\u0117klos, 150 g",
                "itemId": "000000000001095353",
                "itemUrl": "https://barbora.lt/produktai/ekologiskos-lukstentu-kanapiu-seklos-150-g",
                "categoryFullPath": "Bakal\u0117ja/Rie\u0161utai, s\u0117klos, d\u017eiovinti vaisiai, uogos ir dar\u017eov\u0117s/S\u0117klos",
                "labelPrice": 3.19,
                "pricePerUnit": 21.27,
                "units": "kg",
                "packageAmount": 1.0,
                "description": null,
                "store": "Maxima",
                "availability": "active",
                "origin": null,
                "components": null,
                "image": "https://cdn.barbora.lt/products/daafa8e9-9d1e-45b6-989a-8182387c4856_s.png"
            },
            {
                "itemName": "Negliaudyti \u017eem\u0117s rie\u0161utai, 400 g",
                "itemId": "000000000001117576",
                "itemUrl": "https://barbora.lt/produktai/negliaudyti-zemes-riesutai-mini-day-400-g",
                "categoryFullPath": "Bakal\u0117ja/Rie\u0161utai, s\u0117klos, d\u017eiovinti vaisiai, uogos ir dar\u017eov\u0117s/\u017dem\u0117s rie\u0161utai",
                "labelPrice": 1.99,
                "pricePerUnit": 4.98,
                "units": "kg",
                "packageAmount": 1.0,
                "description": null,
                "store": "Maxima",
                "availability": "active",
                "origin": null,
                "components": null,
                "image": "https://cdn.barbora.lt/products/768a8a28-dd6c-48f9-b122-ce53db59ae8f_s.png"
            },
            {
                "itemName": "Pastil\u0117s MENTOS (m\u0117t\u0173 skonio), 35 g",
                "itemId": "000000000001168536",
                "itemUrl": "https://barbora.lt/produktai/pastiles-mentos-metu-skonio-35-g",
                "categoryFullPath": "Bakal\u0117ja/Saldumynai/Pastil\u0117s, ledinukai ir kramtomoji guma",
                "labelPrice": 1.99,
                "pricePerUnit": 56.86,
                "units": "kg",
                "packageAmount": 1.0,
                "description": null,
                "store": "Maxima",
                "availability": "active",
                "origin": null,
                "components": null,
                "image": "https://cdn.barbora.lt/products/577fddd1-d9d6-45cf-aa43-a7895ed05aff_s.png"
            },
            {
                "itemName": "Tirpioji kava MONTE PERO GOLD, 200 g",
                "itemId": "000000000000887801",
                "itemUrl": "https://barbora.lt/produktai/tirpioji-kava-monte-pero-gold-200-g",
                "categoryFullPath": "Bakal\u0117ja/Kava, kavos g\u0117rimai ir kakava/Tirpioji kava",
                "labelPrice": 3.99,
                "pricePerUnit": 19.95,
                "units": "kg",
                "packageAmount": 1.0,
                "description": null,
                "store": "Maxima",
                "availability": "active",
                "origin": null,
                "components": null,
                "image": "https://cdn.barbora.lt/products/9ec8734f-e398-4752-b154-82c82ffc15f9_s.png"
            },
            {
                "itemName": "Pastil\u0117s MENTOS (pipirm\u0117\u010di\u0173 skonio), 35 g",
                "itemId": "000000000001168535",
                "itemUrl": "https://barbora.lt/produktai/pastiles-mentos-pipirmeciu-skonio-35-g",
                "categoryFullPath": "Bakal\u0117ja/Saldumynai/Pastil\u0117s, ledinukai ir kramtomoji guma",
                "labelPrice": 1.99,
                "pricePerUnit": 56.86,
                "units": "kg",
                "packageAmount": 1.0,
                "description": null,
                "store": "Maxima",
                "availability": "active",
                "origin": null,
                "components": null,
                "image": "https://cdn.barbora.lt/products/f0894736-56ff-4ec0-b91d-9878152196c2_s.png"
            },
            {
                "itemName": "Tirpioji kava MONTE PERO GOLD, 100 g",
                "itemId": "000000000000887800",
                "itemUrl": "https://barbora.lt/produktai/tirpioji-kava-monte-pero-gold-100-g",
                "categoryFullPath": "Bakal\u0117ja/Kava, kavos g\u0117rimai ir kakava/Tirpioji kava",
                "labelPrice": 2.77,
                "pricePerUnit": 27.7,
                "units": "kg",
                "packageAmount": 1.0,
                "description": null,
                "store": "Maxima",
                "availability": "active",
                "origin": null,
                "components": null,
                "image": "https://cdn.barbora.lt/products/24018c60-c040-4c9c-a98c-93dce000d60a_s.png"
            },
            {
                "itemName": "PANEV\u0116\u017dIO cukrus PLIUS, 1 kg",
                "itemId": "000000000000731828",
                "itemUrl": "https://barbora.lt/produktai/panevezio-cukrus-plius-1-kg",
                "categoryFullPath": "Bakal\u0117ja/Priedai maistui ruo\u0161ti/Cukrus, saldikliai ir druska",
                "labelPrice": 1.19,
                "pricePerUnit": 1.19,
                "units": "kg",
                "packageAmount": 1.0,
                "description": null,
                "store": "Maxima",
                "availability": "active",
                "origin": null,
                "components": null,
                "image": "https://cdn.barbora.lt/products/2be391ff-8358-4d54-a04b-88ddb5d971ab_s.png"
            },
            {
                "itemName": "Pikanti\u0161kas grietin\u0117s ir svog\u016bn\u0173 u\u017ekandis PRINGLES, 165 g",
                "itemId": "000000000000529685",
                "itemUrl": "https://barbora.lt/produktai/pikantiskas-grietines-ir-svogunu-uzkandis-pringles-165-g",
                "categoryFullPath": "Bakal\u0117ja/U\u017ekand\u017eiai/Bulvi\u0173 tra\u0161ku\u010diai",
                "labelPrice": 1.37,
                "pricePerUnit": 8.3,
                "units": "kg",
                "packageAmount": 1.0,
                "description": null,
                "store": "Maxima",
                "availability": "active",
                "origin": null,
                "components": null,
                "image": "https://cdn.barbora.lt/products/8048bff0-9a54-4399-a87a-133b5bb54ac3_s.png"
            },
            {
                "itemName": "Sausainiai GAIDELIS, 165 g",
                "itemId": "000000000001204235",
                "itemUrl": "https://barbora.lt/produktai/sausainiai-gaidelis-165-g",
                "categoryFullPath": "Bakal\u0117ja/Saldumynai/Sausainiai",
                "labelPrice": 0.59,
                "pricePerUnit": 3.58,
                "units": "kg",
                "packageAmount": 1.0,
                "description": null,
                "store": "Maxima",
                "availability": "active",
                "origin": null,
                "components": null,
                "image": "https://cdn.barbora.lt/products/5ebe6d7f-79ec-4d60-a857-c23e080cde4d_s.png"
            },
            {
                "itemName": "STUDENT\u0172 maistas ARIMEX PREMIUM, 300 g",
                "itemId": "000000000000695166",
                "itemUrl": "https://barbora.lt/produktai/studentu-maistas-arimex-premium-300-g",
                "categoryFullPath": "Bakal\u0117ja/Rie\u0161utai, s\u0117klos, d\u017eiovinti vaisiai, uogos ir dar\u017eov\u0117s/Rie\u0161ut\u0173 ir d\u017eiovint\u0173 vaisi\u0173, uog\u0173 mi\u0161iniai",
                "labelPrice": 4.36,
                "pricePerUnit": 14.53,
                "units": "kg",
                "packageAmount": 1.0,
                "description": null,
                "store": "Maxima",
                "availability": "active",
                "origin": null,
                "components": null,
                "image": "https://cdn.barbora.lt/products/add9e787-74e2-49dc-8953-212c5ac03804_s.png"
            },
            {
                "itemName": "Kvietiniai miltai MALSENA, a. r., 550 D, 2 kg",
                "itemId": "000000000000178710",
                "itemUrl": "https://barbora.lt/produktai/kvietiniai-miltai-malsena-a-r-550-d-2-kg",
                "categoryFullPath": "Bakal\u0117ja/Miltai/Kvietiniai miltai",
                "labelPrice": 2.25,
                "pricePerUnit": 1.13,
                "units": "kg",
                "packageAmount": 1.0,
                "description": null,
                "store": "Maxima",
                "availability": "active",
                "origin": null,
                "components": null,
                "image": "https://cdn.barbora.lt/products/0baa3387-112a-4651-9095-47e53445cad3_s.png"
            },
            {
                "itemName": "Marinuoti agurk\u0117liai SPILVA, 670 g",
                "itemId": "000000000000523659",
                "itemUrl": "https://barbora.lt/produktai/marinuoti-agurkeliai-spilva-670-g",
                "categoryFullPath": "Bakal\u0117ja/Konservuotas maistas/Konservuoti agurkai",
                "labelPrice": 2.39,
                "pricePerUnit": 3.57,
                "units": "kg",
                "packageAmount": 1.0,
                "description": null,
                "store": "Maxima",
                "availability": "active",
                "origin": null,
                "components": null,
                "image": "https://cdn.barbora.lt/products/1693e7a1-71e1-4a7f-bb73-e25d942831db_s.png"
            },
            {
                "itemName": "Cukrus EXTRA LINE (plastiko pakuot\u0117je), 1 kg",
                "itemId": "000000000001285715",
                "itemUrl": "https://barbora.lt/produktai/cukrus-extra-line-plastiko-pakuoteje-1-kg",
                "categoryFullPath": "Bakal\u0117ja/Priedai maistui ruo\u0161ti/Cukrus, saldikliai ir druska",
                "labelPrice": 0.79,
                "pricePerUnit": 0.79,
                "units": "kg",
                "packageAmount": 1.0,
                "description": null,
                "store": "Maxima",
                "availability": "active",
                "origin": null,
                "components": null,
                "image": "https://cdn.barbora.lt/products/bd3e2c51-4f34-4dc8-8256-483635be1317_s.png"
            },
            {
                "itemName": "Vidutinio d. kvie\u010di\u0173 tortilijos SANTA MARIA TEX MEX, 8 vnt., 320 g",
                "itemId": "000000000000857869",
                "itemUrl": "https://barbora.lt/produktai/vidutinio-d-kvieciu-tortilijos-santa-maria-tex-mex-8-vnt-320-g",
                "categoryFullPath": "Bakal\u0117ja/Pasaulio virtuv\u0117s/Meksikos virtuv\u0117",
                "labelPrice": 2.99,
                "pricePerUnit": 9.34,
                "units": "kg",
                "packageAmount": 1.0,
                "description": null,
                "store": "Maxima",
                "availability": "active",
                "origin": null,
                "components": null,
                "image": "https://cdn.barbora.lt/products/a278d518-8892-47e9-811d-4ceec2507894_s.png"
            },
            {
                "itemName": "Dribsni\u0173 kvadrat\u0117liai NESTLE CINI MINIS, 450 g",
                "itemId": "000000000000781156",
                "itemUrl": "https://barbora.lt/produktai/dribsniu-kvadrateliai-nestle-cini-minis-450-g",
                "categoryFullPath": "Bakal\u0117ja/Sausi pusry\u010diai, dribsniai ir javaini\u0173 baton\u0117liai/Sausi pusry\u010diai",
                "labelPrice": 3.39,
                "pricePerUnit": 7.53,
                "units": "kg",
                "packageAmount": 1.0,
                "description": null,
                "store": "Maxima",
                "availability": "active",
                "origin": null,
                "components": null,
                "image": "https://cdn.barbora.lt/products/6ac49daa-85e8-4338-be34-1c26b4f7ae26_s.png"
            },
            {
                "itemName": "Saul\u0117gr\u0105\u017e\u0173 aliejus NATURA, 1 l",
                "itemId": "000000000000066160",
                "itemUrl": "https://barbora.lt/produktai/saulegrazu-aliejus-natura-1-l",
                "categoryFullPath": "Bakal\u0117ja/Aliejus ir actas/Saul\u0117gr\u0105\u017e\u0173 aliejus",
                "labelPrice": 5.79,
                "pricePerUnit": 5.79,
                "units": "l",
                "packageAmount": 1.0,
                "description": null,
                "store": "Maxima",
                "availability": "active",
                "origin": null,
                "components": null,
                "image": "https://cdn.barbora.lt/products/a949b133-b4bb-474a-8bcb-a2779a061f59_s.png"
            },
            {
                "itemName": "Didel\u0117s kvie\u010di\u0173 tortilijos SANTA MARIA TEX MEX, 6 vnt., 371 g",
                "itemId": "000000000000894163",
                "itemUrl": "https://barbora.lt/produktai/dideles-kvieciu-tortilijos-santa-maria-tex-mex-6-vnt-371-g",
                "categoryFullPath": "Bakal\u0117ja/Pasaulio virtuv\u0117s/Meksikos virtuv\u0117",
                "labelPrice": 3.39,
                "pricePerUnit": 9.14,
                "units": "kg",
                "packageAmount": 1.0,
                "description": null,
                "store": "Maxima",
                "availability": "active",
                "origin": null,
                "components": null,
                "image": "https://cdn.barbora.lt/products/46e95d96-1a8c-46be-a806-4a2aea52ab4e_s.png"
            },
            {
                "itemName": "Saul\u0117gr\u0105\u017e\u0173 aliejus EXTRA LINE, 1L, 1 l",
                "itemId": "000000000001287142",
                "itemUrl": "https://barbora.lt/produktai/saulegrazu-aliejus-extra-line-1-l-1-l",
                "categoryFullPath": "Bakal\u0117ja/Aliejus ir actas/Saul\u0117gr\u0105\u017e\u0173 aliejus",
                "labelPrice": 2.69,
                "pricePerUnit": 2.69,
                "units": "l",
                "packageAmount": 1.0,
                "description": null,
                "store": "Maxima",
                "availability": "active",
                "origin": null,
                "components": null,
                "image": "https://cdn.barbora.lt/products/dfcd7cf8-aa97-4c03-b5dd-6799faa031d2_s.png"
            },
            {
                "itemName": "KARALI\u0160KI kvietiniai miltai, a. r., 405 D, 1.75 kg",
                "itemId": "000000000000653297",
                "itemUrl": "https://barbora.lt/produktai/karaliski-kvietiniai-miltai-a-r-405-d-1-75-kg",
                "categoryFullPath": "Bakal\u0117ja/Miltai/Kvietiniai miltai",
                "labelPrice": 2.59,
                "pricePerUnit": 1.48,
                "units": "kg",
                "packageAmount": 1.0,
                "description": null,
                "store": "Maxima",
                "availability": "active",
                "origin": null,
                "components": null,
                "image": "https://cdn.barbora.lt/products/21f69c4c-684b-49ba-92a5-5a8ec160e6bc_s.png"
            },
            {
                "itemName": "Konservuoti smulkinti pomidorai EXTRA LINE, 400 g",
                "itemId": "000000000000804264",
                "itemUrl": "https://barbora.lt/produktai/konservuoti-smulkinti-pomidorai-extra-line-400-g",
                "categoryFullPath": "Bakal\u0117ja/Konservuotas maistas/Konservuoti pomidorai",
                "labelPrice": 0.59,
                "pricePerUnit": 1.48,
                "units": "kg",
                "packageAmount": 1.0,
                "description": null,
                "store": "Maxima",
                "availability": "active",
                "origin": null,
                "components": null,
                "image": "https://cdn.barbora.lt/products/129a31cc-e568-4131-8dfb-be72fc3b97de_s.png"
            },
            {
                "itemName": "Avi\u017einiai dribsniai SKAN\u0116JA, 400 g",
                "itemId": "000000000000178859",
                "itemUrl": "https://barbora.lt/produktai/aviziniai-dribsniai-skaneja-400-g",
                "categoryFullPath": "Bakal\u0117ja/Sausi pusry\u010diai, dribsniai ir javaini\u0173 baton\u0117liai/Dribsniai ko\u0161\u0117ms",
                "labelPrice": 0.79,
                "pricePerUnit": 1.98,
                "units": "kg",
                "packageAmount": 1.0,
                "description": null,
                "store": "Maxima",
                "availability": "active",
                "origin": null,
                "components": null,
                "image": "https://cdn.barbora.lt/products/46039d00-fa01-4eb6-8e72-d0110d4789b7_s.png"
            },
            {
                "itemName": "Griki\u0173 kruopos GALINTA (4 x 100 g), 400 g",
                "itemId": "000000000000129052",
                "itemUrl": "https://barbora.lt/produktai/grikiu-kruopos-galinta-4-x-100-g-400-g",
                "categoryFullPath": "Bakal\u0117ja/Kruopos/Grikiai",
                "labelPrice": 1.99,
                "pricePerUnit": 4.98,
                "units": "kg",
                "packageAmount": 1.0,
                "description": null,
                "store": "Maxima",
                "availability": "active",
                "origin": null,
                "components": null,
                "image": "https://cdn.barbora.lt/products/4f8a1060-4518-4aca-9d08-c4dc030ada72_s.png"
            },
            {
                "itemName": "OBELI\u0172 saul\u0117gr\u0105\u017e\u0173 aliejus, 900 ml",
                "itemId": "000000000000183314",
                "itemUrl": "https://barbora.lt/produktai/obeliu-saulegrazu-aliejus-900-ml",
                "categoryFullPath": "Bakal\u0117ja/Aliejus ir actas/Saul\u0117gr\u0105\u017e\u0173 aliejus",
                "labelPrice": 4.49,
                "pricePerUnit": 4.99,
                "units": "l",
                "packageAmount": 1.0,
                "description": null,
                "store": "Maxima",
                "availability": "active",
                "origin": null,
                "components": null,
                "image": "https://cdn.barbora.lt/products/b1d297de-bc06-4ab1-b5a2-9427ec66fed9_s.png"
            }
        ]
    },
    {
        "category": "\r\n                        K\u016bdiki\u0173 ir vaik\u0173 prek\u0117s\r\n                    ",
        "categoryUrl": "https://barbora.lt/kudikiu-ir-vaiku-prekes",
        "responseUrl": "https://barbora.lt/",
        "items": [
            {
                "itemName": "K\u016bno prausiklis-\u0161amp\u016bnas WELEDA KIDS 2 IN 1 (apelsin\u0173 kv.), 150 ml",
                "itemId": "000000000001115056",
                "itemUrl": "https://barbora.lt/produktai/kuno-prausiklis-sampunas-weleda-kids-2-in-1-apelsinu-kv-150-ml",
                "categoryFullPath": "K\u016bdiki\u0173 ir vaik\u0173 prek\u0117s/Vaik\u0173 higienos prek\u0117s/\u0160amp\u016bnai ir prausimosi priemon\u0117s",
                "labelPrice": 9.99,
                "pricePerUnit": 66.6,
                "units": "l",
                "packageAmount": 1.0,
                "description": null,
                "store": "Maxima",
                "availability": "active",
                "origin": null,
                "components": null,
                "image": "https://cdn.barbora.lt/products/6fe03274-0ecb-4c00-8a0c-2497f424592b_s.png"
            },
            {
                "itemName": "K\u016bdiki\u0173 prausiklis SEBAMED, 400 ml",
                "itemId": "000000000001077802",
                "itemUrl": "https://barbora.lt/produktai/kudikiu-prausiklis-sebamed-400-ml",
                "categoryFullPath": "K\u016bdiki\u0173 ir vaik\u0173 prek\u0117s/Vaik\u0173 higienos prek\u0117s/\u0160amp\u016bnai ir prausimosi priemon\u0117s",
                "labelPrice": 13.29,
                "pricePerUnit": 33.23,
                "units": "l",
                "packageAmount": 1.0,
                "description": null,
                "store": "Maxima",
                "availability": "active",
                "origin": null,
                "components": null,
                "image": "https://cdn.barbora.lt/products/379ba3e3-e00b-437a-b6e0-3d38c966eb01_s.png"
            },
            {
                "itemName": "K\u016bdiki\u0173 apsauginis veido kremas SEBAMED, 50 ml",
                "itemId": "000000000001061109",
                "itemUrl": "https://barbora.lt/produktai/kudikiu-apsauginis-veido-kremas-sebamed-50-ml",
                "categoryFullPath": "K\u016bdiki\u0173 ir vaik\u0173 prek\u0117s/Vaik\u0173 higienos prek\u0117s/Kremai, losjonai ir aliejai",
                "labelPrice": 13.25,
                "pricePerUnit": 265.0,
                "units": "l",
                "packageAmount": 1.0,
                "description": null,
                "store": "Maxima",
                "availability": "active",
                "origin": null,
                "components": null,
                "image": "https://cdn.barbora.lt/products/86e9e645-44a3-45bd-af33-0908deae4ae7_s.png"
            },
            {
                "itemName": "K\u016bdiki\u0173 servet\u0117l\u0117s HUGGIES NATURAL CARE (3x56 vnt.), 168 vnt.",
                "itemId": "000000000001024898",
                "itemUrl": "https://barbora.lt/produktai/kudikiu-serveteles-huggies-natural-care-3-x-56-vnt-168-vnt",
                "categoryFullPath": "K\u016bdiki\u0173 ir vaik\u0173 prek\u0117s/Sauskeln\u0117s ir servet\u0117l\u0117s/Dr\u0117gnosios servet\u0117l\u0117s",
                "labelPrice": 3.85,
                "pricePerUnit": 0.02,
                "units": "vnt.",
                "packageAmount": 1.0,
                "description": null,
                "store": "Maxima",
                "availability": "active",
                "origin": null,
                "components": null,
                "image": "https://cdn.barbora.lt/products/d66cb049-9a6e-465d-b781-185a61b85da8_s.png"
            },
            {
                "itemName": "K\u016bdiki\u0173 servet\u0117l\u0117s HUGGIES PURE (3x56 vnt.), 168 vnt.",
                "itemId": "000000000001024897",
                "itemUrl": "https://barbora.lt/produktai/kudikiu-serveteles-huggies-pure-3-x-56-vnt-168-vnt",
                "categoryFullPath": "K\u016bdiki\u0173 ir vaik\u0173 prek\u0117s/Sauskeln\u0117s ir servet\u0117l\u0117s/Dr\u0117gnosios servet\u0117l\u0117s",
                "labelPrice": 3.89,
                "pricePerUnit": 0.02,
                "units": "vnt.",
                "packageAmount": 1.0,
                "description": null,
                "store": "Maxima",
                "availability": "active",
                "origin": null,
                "components": null,
                "image": "https://cdn.barbora.lt/products/51b0f471-9bdc-4d6e-906d-6711813cd00a_s.png"
            },
            {
                "itemName": "Dr\u0117gnosios k\u016bdiki\u0173 servet\u0117l\u0117s HUGGIES ALL OVER CLEAN, 56 vnt.",
                "itemId": "000000000001141025",
                "itemUrl": "https://barbora.lt/produktai/dregnosios-kudikiu-serveteles-huggies-all-over-clean-56-vnt",
                "categoryFullPath": "K\u016bdiki\u0173 ir vaik\u0173 prek\u0117s/Sauskeln\u0117s ir servet\u0117l\u0117s/Dr\u0117gnosios servet\u0117l\u0117s",
                "labelPrice": 1.45,
                "pricePerUnit": 0.03,
                "units": "vnt.",
                "packageAmount": 1.0,
                "description": null,
                "store": "Maxima",
                "availability": "active",
                "origin": null,
                "components": null,
                "image": "https://cdn.barbora.lt/products/489b114e-5f65-4f49-bc03-7915c150c5ec_s.png"
            },
            {
                "itemName": "Vaiki\u0161ki aus\u0173 krap\u0161tukai BELLA HAPPY, 56 vnt.",
                "itemId": "000000000001002954",
                "itemUrl": "https://barbora.lt/produktai/vaikiski-ausu-krapstukai-bella-happy-56-vnt",
                "categoryFullPath": "K\u016bdiki\u0173 ir vaik\u0173 prek\u0117s/Vaik\u0173 higienos prek\u0117s/Kosmetin\u0117 vata ir krap\u0161tukai",
                "labelPrice": 0.99,
                "pricePerUnit": 0.02,
                "units": "vnt.",
                "packageAmount": 1.0,
                "description": null,
                "store": "Maxima",
                "availability": "active",
                "origin": null,
                "components": null,
                "image": "https://cdn.barbora.lt/products/7b4d2407-8041-4b1d-b150-6b9f9c7e04e5_s.png"
            },
            {
                "itemName": "Geriamoji \u012fvairi\u0173  vaisi\u0173 tyr\u0117 SMOOTHIE nuo 6 m\u0117n., 90 g",
                "itemId": "000000000000853614",
                "itemUrl": "https://barbora.lt/produktai/geriamoji-ivairiu-vaisiu-tyre-smoothie-nuo-6-men-90-g",
                "categoryFullPath": "K\u016bdiki\u0173 ir vaik\u0173 prek\u0117s/Vaisin\u0117s ir desertin\u0117s tyrel\u0117s/Vaisin\u0117s ir desertin\u0117s tyrel\u0117s nuo 6 m\u0117n.",
                "labelPrice": 1.29,
                "pricePerUnit": 14.33,
                "units": "kg",
                "packageAmount": 1.0,
                "description": null,
                "store": "Maxima",
                "availability": "active",
                "origin": null,
                "components": null,
                "image": "https://cdn.barbora.lt/products/cc2024bd-70fc-469b-a2fd-c825775dd592_s.png"
            },
            {
                "itemName": "Geriamoji tropini\u0173  vaisi\u0173 tyr\u0117 SMOOTHIE nuo 6 m\u0117n., 90 g",
                "itemId": "000000000000853615",
                "itemUrl": "https://barbora.lt/produktai/geriamoji-tropiniu-vaisiu-tyre-smoothie-nuo-6-men-90-g",
                "categoryFullPath": "K\u016bdiki\u0173 ir vaik\u0173 prek\u0117s/Vaisin\u0117s ir desertin\u0117s tyrel\u0117s/Vaisin\u0117s ir desertin\u0117s tyrel\u0117s nuo 6 m\u0117n.",
                "labelPrice": 1.29,
                "pricePerUnit": 14.33,
                "units": "kg",
                "packageAmount": 1.0,
                "description": null,
                "store": "Maxima",
                "availability": "active",
                "origin": null,
                "components": null,
                "image": "https://cdn.barbora.lt/products/78198e78-3515-42d9-b5c2-82fe6c186fd8_s.png"
            },
            {
                "itemName": "Sauskeln\u0117s-kelnait\u0117s HUGGIES PANTS 5 berniukams (12-17 kg), 48 vnt.",
                "itemId": "000000000001253351",
                "itemUrl": "https://barbora.lt/produktai/sauskelnes-kelnaites-huggies-pants-5-berniukams-12-17-kg-48-vnt",
                "categoryFullPath": "K\u016bdiki\u0173 ir vaik\u0173 prek\u0117s/Sauskeln\u0117s ir servet\u0117l\u0117s/Sauskeln\u0117s, dydis 5",
                "labelPrice": 16.05,
                "pricePerUnit": 0.33,
                "units": "vnt.",
                "packageAmount": 1.0,
                "description": null,
                "store": "Maxima",
                "availability": "active",
                "origin": null,
                "components": null,
                "image": "https://cdn.barbora.lt/products/11bb6ac5-87ff-464e-a5c6-b89ae42563a3_s.png"
            },
            {
                "itemName": "Dr\u0117gnosios k\u016bdiki\u0173 servet\u0117l\u0117s WATERWIPES, 60 vnt.",
                "itemId": "000000000001205404",
                "itemUrl": "https://barbora.lt/produktai/dregnosios-kudikiu-serveteles-waterwipes-60-vnt",
                "categoryFullPath": "K\u016bdiki\u0173 ir vaik\u0173 prek\u0117s/Sauskeln\u0117s ir servet\u0117l\u0117s/Dr\u0117gnosios servet\u0117l\u0117s",
                "labelPrice": 4.99,
                "pricePerUnit": 0.08,
                "units": "vnt.",
                "packageAmount": 1.0,
                "description": null,
                "store": "Maxima",
                "availability": "active",
                "origin": null,
                "components": null,
                "image": "https://cdn.barbora.lt/products/ac0c7cb2-c5af-4807-ae12-16670b240b50_s.png"
            },
            {
                "itemName": "Ekologi\u0161kos mork\u0173 lazdel\u0117s ORGANIX (nuo 6 m\u0117n.), 20 g",
                "itemId": "000000000001097565",
                "itemUrl": "https://barbora.lt/produktai/ekologiskos-morku-lazdeles-organix-nuo-6-men-20-g",
                "categoryFullPath": "K\u016bdiki\u0173 ir vaik\u0173 prek\u0117s/K\u016bdiki\u0173 g\u0117rimai ir u\u017ekand\u017eiai/Sausainiai, trapu\u010diai ir d\u017ei\u016bv\u0117s\u0117liai",
                "labelPrice": 1.79,
                "pricePerUnit": 89.5,
                "units": "kg",
                "packageAmount": 1.0,
                "description": null,
                "store": "Maxima",
                "availability": "active",
                "origin": null,
                "components": null,
                "image": "https://cdn.barbora.lt/products/65113061-06c3-44e5-a7da-97aa2ad1a45c_s.png"
            },
            {
                "itemName": "Ekologi\u0161ka kriau\u0161i\u0173, banan\u0173 ir kivi\u0173 tyrel\u0117 HIPP nuo 6 m\u0117n., 100 g",
                "itemId": "000000000001100119",
                "itemUrl": "https://barbora.lt/produktai/ekologiska-kriausiu-bananu-ir-kiviu-tyrele-hipp-nuo-6-men-100-g",
                "categoryFullPath": "K\u016bdiki\u0173 ir vaik\u0173 prek\u0117s/Vaisin\u0117s ir desertin\u0117s tyrel\u0117s/Vaisin\u0117s ir desertin\u0117s tyrel\u0117s nuo 6 m\u0117n.",
                "labelPrice": 1.69,
                "pricePerUnit": 16.9,
                "units": "kg",
                "packageAmount": 1.0,
                "description": null,
                "store": "Maxima",
                "availability": "active",
                "origin": null,
                "components": null,
                "image": "https://cdn.barbora.lt/products/f91b7d41-248b-450b-aade-e7c77033aabb_s.png"
            },
            {
                "itemName": "Vaiki\u0161ka dant\u0173 pasta JORDAN vaisi\u0173 skonio,0-5 metai, 50 ml",
                "itemId": "000000000001086293",
                "itemUrl": "https://barbora.lt/produktai/vaikiska-dantu-pasta-jordan-vaisiu-skonio-0-5-metai-50-ml",
                "categoryFullPath": "K\u016bdiki\u0173 ir vaik\u0173 prek\u0117s/Vaik\u0173 higienos prek\u0117s/Burnos higienos priemon\u0117s",
                "labelPrice": 2.55,
                "pricePerUnit": 51.0,
                "units": "l",
                "packageAmount": 1.0,
                "description": null,
                "store": "Maxima",
                "availability": "active",
                "origin": null,
                "components": null,
                "image": "https://cdn.barbora.lt/products/a1d30057-c18e-4c6c-9ea1-60eb5df652a4_s.png"
            },
            {
                "itemName": "Dar\u017eovi\u0173 lazdel\u0117s ORGANIX (nuo 7 m\u0117n.), 15 g",
                "itemId": "000000000001215828",
                "itemUrl": "https://barbora.lt/produktai/darzoviu-lazdeles-organix-nuo-7-men-15-g",
                "categoryFullPath": "K\u016bdiki\u0173 ir vaik\u0173 prek\u0117s/K\u016bdiki\u0173 g\u0117rimai ir u\u017ekand\u017eiai/Sausainiai, trapu\u010diai ir d\u017ei\u016bv\u0117s\u0117liai",
                "labelPrice": 1.79,
                "pricePerUnit": 119.33,
                "units": "kg",
                "packageAmount": 1.0,
                "description": null,
                "store": "Maxima",
                "availability": "active",
                "origin": null,
                "components": null,
                "image": "https://cdn.barbora.lt/products/c4cf3bb0-1223-4541-b5d7-5ff40938a6a2_s.png"
            },
            {
                "itemName": "Ekologi\u0161ki avie\u010di\u0173 skonio ry\u017ei\u0173 paplot\u0117liai HIPP nuo 8 m\u0117n., 30 g",
                "itemId": "000000000001055759",
                "itemUrl": "https://barbora.lt/produktai/ekologiski-avieciu-skonio-ryziu-paploteliai-hipp-nuo-8-men-33-g",
                "categoryFullPath": "K\u016bdiki\u0173 ir vaik\u0173 prek\u0117s/K\u016bdiki\u0173 g\u0117rimai ir u\u017ekand\u017eiai/Sausainiai, trapu\u010diai ir d\u017ei\u016bv\u0117s\u0117liai",
                "labelPrice": 2.39,
                "pricePerUnit": 79.67,
                "units": "kg",
                "packageAmount": 1.0,
                "description": null,
                "store": "Maxima",
                "availability": "active",
                "origin": null,
                "components": null,
                "image": "https://cdn.barbora.lt/products/dc2474c9-a524-4c11-a788-ccb99d36344c_s.png"
            },
            {
                "itemName": "Ekol.banan\u0173,vy\u0161ni\u0173 sul\u010di\u0173 baton\u0117lis HIPP su jogurtu, nuo 1m., 23 g",
                "itemId": "000000000001103426",
                "itemUrl": "https://barbora.lt/produktai/ekol-bananu-vysniu-sulciu-batonelis-hipp-su-jogurtu-nuo-1-m-23-g",
                "categoryFullPath": "K\u016bdiki\u0173 ir vaik\u0173 prek\u0117s/K\u016bdiki\u0173 g\u0117rimai ir u\u017ekand\u017eiai/Sausainiai, trapu\u010diai ir d\u017ei\u016bv\u0117s\u0117liai",
                "labelPrice": 1.39,
                "pricePerUnit": 60.43,
                "units": "kg",
                "packageAmount": 1.0,
                "description": null,
                "store": "Maxima",
                "availability": "active",
                "origin": null,
                "components": null,
                "image": "https://cdn.barbora.lt/products/a505b940-110c-412d-aa15-76b962c24ac0_s.png"
            },
            {
                "itemName": "Geriamoji jogurto, banan\u0173 ir m\u0117lyni\u0173 tyr\u0117 SMOOTHIE SEMPER, 90 g",
                "itemId": "000000000000990944",
                "itemUrl": "https://barbora.lt/produktai/geriamoji-jogurto-bananu-ir-melyniu-tyre-smoothie-semper-90-g",
                "categoryFullPath": "K\u016bdiki\u0173 ir vaik\u0173 prek\u0117s/Vaisin\u0117s ir desertin\u0117s tyrel\u0117s/Vaisin\u0117s ir desertin\u0117s tyrel\u0117s nuo 6 m\u0117n.",
                "labelPrice": 1.49,
                "pricePerUnit": 16.56,
                "units": "kg",
                "packageAmount": 1.0,
                "description": null,
                "store": "Maxima",
                "availability": "active",
                "origin": null,
                "components": null,
                "image": "https://cdn.barbora.lt/products/b9e0f0b5-6e81-48b7-8e2b-af419f8f5919_s.png"
            },
            {
                "itemName": "Dr\u0117gnosios servet\u0117l\u0117s HAPPY SENSITIVE, 56 vnt.",
                "itemId": "000000000000997274",
                "itemUrl": "https://barbora.lt/produktai/dregnosios-serveteles-happy-sensitive-56-vnt",
                "categoryFullPath": "K\u016bdiki\u0173 ir vaik\u0173 prek\u0117s/Sauskeln\u0117s ir servet\u0117l\u0117s/Dr\u0117gnosios servet\u0117l\u0117s",
                "labelPrice": 2.05,
                "pricePerUnit": 0.04,
                "units": "vnt.",
                "packageAmount": 1.0,
                "description": null,
                "store": "Maxima",
                "availability": "active",
                "origin": null,
                "components": null,
                "image": "https://cdn.barbora.lt/products/a1658e48-3c5c-46e2-b2b4-9ba4e1e6931a_s.png"
            },
            {
                "itemName": "EKO kriau\u0161i\u0173, banan\u0173, vynuogi\u0173 tyrel\u0117 HIPP su avi\u017e.nuo 12m\u0117n, 120 g",
                "itemId": "000000000001120900",
                "itemUrl": "https://barbora.lt/produktai/eko-kriausiu-bananu-vynuogiu-tyrele-hipp-su-aviz-nuo-12-men-120-g",
                "categoryFullPath": "K\u016bdiki\u0173 ir vaik\u0173 prek\u0117s/Vaisin\u0117s ir desertin\u0117s tyrel\u0117s/Vaisin\u0117s ir desertin\u0117s tyrel\u0117s nuo 12 m\u0117n.",
                "labelPrice": 2.09,
                "pricePerUnit": 17.42,
                "units": "kg",
                "packageAmount": 1.0,
                "description": null,
                "store": "Maxima",
                "availability": "active",
                "origin": null,
                "components": null,
                "image": "https://cdn.barbora.lt/products/d90a76de-ae5a-4565-ad3d-cd9253370321_s.png"
            },
            {
                "itemName": "Ekol.obuoli\u0173, gelt.slyv\u0173 ir persik\u0173 tyrel\u0117 HIPP nuo 12 m\u0117n., 100 g",
                "itemId": "000000000001205767",
                "itemUrl": "https://barbora.lt/produktai/ekol-obuoliu-gelt-slyvu-ir-persiku-tyrele-hipp-nuo-12-men-100-g",
                "categoryFullPath": "K\u016bdiki\u0173 ir vaik\u0173 prek\u0117s/Vaisin\u0117s ir desertin\u0117s tyrel\u0117s/Vaisin\u0117s ir desertin\u0117s tyrel\u0117s nuo 12 m\u0117n.",
                "labelPrice": 1.69,
                "pricePerUnit": 16.9,
                "units": "kg",
                "packageAmount": 1.0,
                "description": null,
                "store": "Maxima",
                "availability": "active",
                "origin": null,
                "components": null,
                "image": "https://cdn.barbora.lt/products/d3e7dfff-b4d5-447f-a1d5-fba70d609445_s.png"
            },
            {
                "itemName": "Mergai\u010di\u0173 sauskeln\u0117s-kelnait\u0117s HUGGIES PANTS 4 (9-14 kg), 52 vnt.",
                "itemId": "000000000001096364",
                "itemUrl": "https://barbora.lt/produktai/mergaiciu-sauskelnes-kelnaites-huggies-pants-4-9-14-kg-52-vnt",
                "categoryFullPath": "K\u016bdiki\u0173 ir vaik\u0173 prek\u0117s/Sauskeln\u0117s ir servet\u0117l\u0117s/Sauskeln\u0117s, dydis 4",
                "labelPrice": 16.05,
                "pricePerUnit": 0.31,
                "units": "vnt.",
                "packageAmount": 1.0,
                "description": null,
                "store": "Maxima",
                "availability": "active",
                "origin": null,
                "components": null,
                "image": "https://cdn.barbora.lt/products/f637907b-08a1-4170-9d16-51055d556641_s.png"
            },
            {
                "itemName": "Geriamoji obuoli\u0173 ir bra\u0161ki\u0173 tyr\u0117 SMOOTHIE nuo 6 m\u0117n., 90 g",
                "itemId": "000000000000853616",
                "itemUrl": "https://barbora.lt/produktai/geriamoji-obuoliu-ir-braskiu-tyre-smoothie-nuo-6-men-90-g",
                "categoryFullPath": "K\u016bdiki\u0173 ir vaik\u0173 prek\u0117s/Vaisin\u0117s ir desertin\u0117s tyrel\u0117s/Vaisin\u0117s ir desertin\u0117s tyrel\u0117s nuo 6 m\u0117n.",
                "labelPrice": 1.29,
                "pricePerUnit": 14.33,
                "units": "kg",
                "packageAmount": 1.0,
                "description": null,
                "store": "Maxima",
                "availability": "active",
                "origin": null,
                "components": null,
                "image": "https://cdn.barbora.lt/products/925581f8-4717-4f4b-9b1d-f925c9014b4f_s.png"
            },
            {
                "itemName": "Sauskeln\u0117s-kelnait\u0117s HUGGIES PANTS 5 mergait\u0117ms (12-17 kg), 48 vnt.",
                "itemId": "000000000001253248",
                "itemUrl": "https://barbora.lt/produktai/sauskelnes-kelnaites-huggies-pants-5-mergaitems-12-17-kg-48-vnt",
                "categoryFullPath": "K\u016bdiki\u0173 ir vaik\u0173 prek\u0117s/Sauskeln\u0117s ir servet\u0117l\u0117s/Sauskeln\u0117s, dydis 5",
                "labelPrice": 14.25,
                "pricePerUnit": 0.3,
                "units": "vnt.",
                "packageAmount": 1.0,
                "description": null,
                "store": "Maxima",
                "availability": "active",
                "origin": null,
                "components": null,
                "image": "https://cdn.barbora.lt/products/a784490b-bf92-4118-a123-6b356dd14344_s.png"
            },
            {
                "itemName": "Paruo\u0161ta vartoti ko\u0161\u0117 SEMPER su obuol. ir pers. (nuo 6 m\u0117n.), 120 g",
                "itemId": "000000000001012537",
                "itemUrl": "https://barbora.lt/produktai/paruosta-vartoti-kose-semper-su-obuol-ir-pers-nuo-6-men-120-g",
                "categoryFullPath": "K\u016bdiki\u0173 ir vaik\u0173 prek\u0117s/K\u016bdiki\u0173 ko\u0161\u0117s /Ko\u0161\u0117s be pieno nuo 6 m\u0117n.",
                "labelPrice": 1.59,
                "pricePerUnit": 13.25,
                "units": "kg",
                "packageAmount": 1.0,
                "description": null,
                "store": "Maxima",
                "availability": "active",
                "origin": null,
                "components": null,
                "image": "https://cdn.barbora.lt/products/d31b2870-ad85-4e5d-b296-d7518bffb4f9_s.png"
            },
            {
                "itemName": "Ekolog. obuoli\u0173,kriau\u0161i\u0173,m\u0117lyni\u0173 glotnutis HIPP nuo 12 m\u0117n., 120 ml",
                "itemId": "000000000001120899",
                "itemUrl": "https://barbora.lt/produktai/ekolog-obuoliu-kriausiu-melyniu-glotnutis-hipp-nuo-12-men-120-ml",
                "categoryFullPath": "K\u016bdiki\u0173 ir vaik\u0173 prek\u0117s/Vaisin\u0117s ir desertin\u0117s tyrel\u0117s/Vaisin\u0117s ir desertin\u0117s tyrel\u0117s nuo 12 m\u0117n.",
                "labelPrice": 2.09,
                "pricePerUnit": 17.42,
                "units": "l",
                "packageAmount": 1.0,
                "description": null,
                "store": "Maxima",
                "availability": "active",
                "origin": null,
                "components": null,
                "image": "https://cdn.barbora.lt/products/48340804-f935-4bc0-911f-09072da31eef_s.png"
            },
            {
                "itemName": "Dr\u0117gnosios k\u016bdiki\u0173 servet\u0117l\u0117s BAMBO NATURE, 80 vnt.",
                "itemId": "000000000001009975",
                "itemUrl": "https://barbora.lt/produktai/dregnosios-kudikiu-serveteles-bambo-nature-80-vnt",
                "categoryFullPath": "K\u016bdiki\u0173 ir vaik\u0173 prek\u0117s/Sauskeln\u0117s ir servet\u0117l\u0117s/Dr\u0117gnosios servet\u0117l\u0117s",
                "labelPrice": 4.09,
                "pricePerUnit": 0.05,
                "units": "vnt.",
                "packageAmount": 1.0,
                "description": null,
                "store": "Maxima",
                "availability": "active",
                "origin": null,
                "components": null,
                "image": "https://cdn.barbora.lt/products/dde23c3d-4297-47dd-84c4-8974e0473657_s.png"
            },
            {
                "itemName": "Paruo\u0161ta vartoti ko\u0161\u0117 SEMPER su vaisiais (nuo 6 m\u0117n.), 120 g",
                "itemId": "000000000001012536",
                "itemUrl": "https://barbora.lt/produktai/paruosta-vartoti-kose-semper-su-vaisiais-nuo-6-men-120-g",
                "categoryFullPath": "K\u016bdiki\u0173 ir vaik\u0173 prek\u0117s/K\u016bdiki\u0173 ko\u0161\u0117s /Ko\u0161\u0117s be pieno nuo 6 m\u0117n.",
                "labelPrice": 1.59,
                "pricePerUnit": 13.25,
                "units": "kg",
                "packageAmount": 1.0,
                "description": null,
                "store": "Maxima",
                "availability": "active",
                "origin": null,
                "components": null,
                "image": "https://cdn.barbora.lt/products/e3d6a7e8-ab82-4919-8829-41934c9fdeb5_s.png"
            },
            {
                "itemName": "Ekologi\u0161ka MAMUKO avi\u017e\u0173 ko\u0161\u0117 su vaisiais nuo 4 m\u0117n., 100 g",
                "itemId": "000000000001205720",
                "itemUrl": "https://barbora.lt/produktai/ekologiska-mamuko-avizu-kose-su-vaisiais-nuo-4-men-100-g",
                "categoryFullPath": "K\u016bdiki\u0173 ir vaik\u0173 prek\u0117s/Vaisin\u0117s ir desertin\u0117s tyrel\u0117s/Vaisin\u0117s ir desertin\u0117s tyrel\u0117s nuo 4 m\u0117n.",
                "labelPrice": 1.69,
                "pricePerUnit": 16.9,
                "units": "kg",
                "packageAmount": 1.0,
                "description": null,
                "store": "Maxima",
                "availability": "active",
                "origin": null,
                "components": null,
                "image": "https://cdn.barbora.lt/products/1d502064-f0a4-450b-bcb0-7debe27526c0_s.png"
            },
            {
                "itemName": "Vaiki\u0161ka dant\u0173 pasta JORDAN vaisi\u0173 skonio,6-12 met\u0173, 50 ml",
                "itemId": "000000000001086294",
                "itemUrl": "https://barbora.lt/produktai/vaikiska-dantu-pasta-jordan-vaisiu-skonio-6-12-metu-50-ml",
                "categoryFullPath": "K\u016bdiki\u0173 ir vaik\u0173 prek\u0117s/Vaik\u0173 higienos prek\u0117s/Burnos higienos priemon\u0117s",
                "labelPrice": 2.55,
                "pricePerUnit": 51.0,
                "units": "l",
                "packageAmount": 1.0,
                "description": null,
                "store": "Maxima",
                "availability": "active",
                "origin": null,
                "components": null,
                "image": "https://cdn.barbora.lt/products/d8859ad3-15bb-47c9-b9eb-205fc06ecc87_s.png"
            },
            {
                "itemName": "Avi\u017e\u0173 ko\u0161\u0117 SEMPER su m\u0117lyn\u0117mis ir obuoliais (nuo 6 m\u0117n.), 120 g",
                "itemId": "000000000001205763",
                "itemUrl": "https://barbora.lt/produktai/avizu-kose-semper-su-melynemis-ir-obuoliais-nuo-6-men-120-g",
                "categoryFullPath": "K\u016bdiki\u0173 ir vaik\u0173 prek\u0117s/Vaisin\u0117s ir desertin\u0117s tyrel\u0117s/Vaisin\u0117s ir desertin\u0117s tyrel\u0117s nuo 6 m\u0117n.",
                "labelPrice": 1.79,
                "pricePerUnit": 14.92,
                "units": "kg",
                "packageAmount": 1.0,
                "description": null,
                "store": "Maxima",
                "availability": "active",
                "origin": null,
                "components": null,
                "image": "https://cdn.barbora.lt/products/dfe58dca-0a53-492e-acdf-f246df24a138_s.png"
            },
            {
                "itemName": "Ekologi\u0161ka slyv\u0173 tyrel\u0117 HIPP (nuo 4 m\u0117n.), 125 g",
                "itemId": "000000000000025663",
                "itemUrl": "https://barbora.lt/produktai/ekologiska-slyvu-tyrele-hipp-nuo-4-men-125-g",
                "categoryFullPath": "K\u016bdiki\u0173 ir vaik\u0173 prek\u0117s/Vaisin\u0117s ir desertin\u0117s tyrel\u0117s/Vaisin\u0117s ir desertin\u0117s tyrel\u0117s nuo 4 m\u0117n.",
                "labelPrice": 1.59,
                "pricePerUnit": 12.72,
                "units": "kg",
                "packageAmount": 1.0,
                "description": null,
                "store": "Maxima",
                "availability": "active",
                "origin": null,
                "components": null,
                "image": "https://cdn.barbora.lt/products/3b61b637-c7e1-46a7-b9d9-20e9d0666dee_s.png"
            },
            {
                "itemName": "Ekologi\u0161ka obuoli\u0173, kriau\u0161i\u0173, banan\u0173 tyrel\u0117 HIPP nuo 4 m\u0117n., 100 g",
                "itemId": "000000000001100114",
                "itemUrl": "https://barbora.lt/produktai/ekologiska-obuoliu-kriausiu-bananu-tyrele-hipp-nuo-4-men-100-g",
                "categoryFullPath": "K\u016bdiki\u0173 ir vaik\u0173 prek\u0117s/Vaisin\u0117s ir desertin\u0117s tyrel\u0117s/Vaisin\u0117s ir desertin\u0117s tyrel\u0117s nuo 4 m\u0117n.",
                "labelPrice": 1.69,
                "pricePerUnit": 16.9,
                "units": "kg",
                "packageAmount": 1.0,
                "description": null,
                "store": "Maxima",
                "availability": "active",
                "origin": null,
                "components": null,
                "image": "https://cdn.barbora.lt/products/33caa4a3-f9f3-4a89-95d6-63fb6c482556_s.png"
            },
            {
                "itemName": "Paklotai BELLA HAPPY XL (90x60cm), 10 vnt.",
                "itemId": "000000000000771613",
                "itemUrl": "https://barbora.lt/produktai/paklotai-bella-happy-xl-90-x-60-cm-10-vnt",
                "categoryFullPath": "K\u016bdiki\u0173 ir vaik\u0173 prek\u0117s/Sauskeln\u0117s ir servet\u0117l\u0117s/Paklotai",
                "labelPrice": 6.19,
                "pricePerUnit": 0.62,
                "units": "vnt.",
                "packageAmount": 1.0,
                "description": null,
                "store": "Maxima",
                "availability": "active",
                "origin": null,
                "components": null,
                "image": "https://cdn.barbora.lt/products/e1f53781-a92e-4ba2-a5a4-3002bb876e9d_s.png"
            },
            {
                "itemName": "Ekol.obuoli\u0173, banan\u0173, uog\u0173 glotnutis HIPP (nuo 12 m\u0117n.), 120 ml",
                "itemId": "000000000001120896",
                "itemUrl": "https://barbora.lt/produktai/ekol-obuoliu-bananu-uogu-glotnutis-hipp-nuo-12-men-120-ml",
                "categoryFullPath": "K\u016bdiki\u0173 ir vaik\u0173 prek\u0117s/Vaisin\u0117s ir desertin\u0117s tyrel\u0117s/Vaisin\u0117s ir desertin\u0117s tyrel\u0117s nuo 12 m\u0117n.",
                "labelPrice": 2.09,
                "pricePerUnit": 17.42,
                "units": "l",
                "packageAmount": 1.0,
                "description": null,
                "store": "Maxima",
                "availability": "active",
                "origin": null,
                "components": null,
                "image": "https://cdn.barbora.lt/products/762fbfd8-9c9f-4cbe-aeb2-776557e8ce12_s.png"
            },
            {
                "itemName": "Dr\u0117gnosios k\u016bdiki\u0173 servet\u0117l\u0117s PAMPERS SENSITIVE, 52 vnt.",
                "itemId": "000000000001201983",
                "itemUrl": "https://barbora.lt/produktai/dregnosios-kudikiu-serveteles-pampers-sensitive-52-vnt",
                "categoryFullPath": "K\u016bdiki\u0173 ir vaik\u0173 prek\u0117s/Sauskeln\u0117s ir servet\u0117l\u0117s/Dr\u0117gnosios servet\u0117l\u0117s",
                "labelPrice": 2.29,
                "pricePerUnit": 0.04,
                "units": "vnt.",
                "packageAmount": 1.0,
                "description": null,
                "store": "Maxima",
                "availability": "active",
                "origin": null,
                "components": null,
                "image": "https://cdn.barbora.lt/products/456e85d5-f98f-4beb-b395-3b5f169801a0_s.png"
            },
            {
                "itemName": "D\u017eiovint\u0173 slyv\u0173 tyrel\u0117 MARMALUZI (nuo 6 m\u0117n.), 100 g",
                "itemId": "000000000001262835",
                "itemUrl": "https://barbora.lt/produktai/dziovintu-slyvu-tyrele-marmaluzi-nuo-6-men-100-g",
                "categoryFullPath": "K\u016bdiki\u0173 ir vaik\u0173 prek\u0117s/Vaisin\u0117s ir desertin\u0117s tyrel\u0117s/Vaisin\u0117s ir desertin\u0117s tyrel\u0117s nuo 6 m\u0117n.",
                "labelPrice": 1.39,
                "pricePerUnit": 13.9,
                "units": "kg",
                "packageAmount": 1.0,
                "description": null,
                "store": "Maxima",
                "availability": "active",
                "origin": null,
                "components": null,
                "image": "https://cdn.barbora.lt/products/0a787f58-8188-493b-a19f-08f29ca4efe0_s.png"
            },
            {
                "itemName": "Sauskeln\u0117s HUGGIES ELITE SOFT 3 (5-9 kg), 72 vnt.",
                "itemId": "000000000001295298",
                "itemUrl": "https://barbora.lt/produktai/sauskelnes-huggies-elite-soft-3-5-9-kg-72-vnt",
                "categoryFullPath": "K\u016bdiki\u0173 ir vaik\u0173 prek\u0117s/Sauskeln\u0117s ir servet\u0117l\u0117s/Sauskeln\u0117s, dydis 3",
                "labelPrice": 20.99,
                "pricePerUnit": 0.29,
                "units": "vnt.",
                "packageAmount": 1.0,
                "description": null,
                "store": "Maxima",
                "availability": "active",
                "origin": null,
                "components": null,
                "image": "https://cdn.barbora.lt/products/e9daaa7b-30db-4186-9c8d-0838e038c45c_s.png"
            },
            {
                "itemName": "Ekologi\u0161ka MAMUKO avi\u017e\u0173 ir kukur\u016bz\u0173 ko\u0161\u0117 (nuo 6 m\u0117n.), 240 g",
                "itemId": "000000000000898895",
                "itemUrl": "https://barbora.lt/produktai/ekologiska-mamuko-avizu-ir-kukuruzu-kose-nuo-6-men-240-g",
                "categoryFullPath": "K\u016bdiki\u0173 ir vaik\u0173 prek\u0117s/K\u016bdiki\u0173 ko\u0161\u0117s /Ko\u0161\u0117s be pieno nuo 6 m\u0117n.",
                "labelPrice": 4.69,
                "pricePerUnit": 19.54,
                "units": "kg",
                "packageAmount": 1.0,
                "description": null,
                "store": "Maxima",
                "availability": "active",
                "origin": null,
                "components": null,
                "image": "https://cdn.barbora.lt/products/e7b4f2e2-49c5-4428-b130-f3ba4e254229_s.png"
            },
            {
                "itemName": "Geriamoji jogurto ir bra\u0161ki\u0173 tyr\u0117 SMOOTHIE (nuo 6 m\u0117n.), 90 g",
                "itemId": "000000000000905679",
                "itemUrl": "https://barbora.lt/produktai/geriamoji-jogurto-ir-braskiu-tyre-smoothie-nuo-6-men-90-g",
                "categoryFullPath": "K\u016bdiki\u0173 ir vaik\u0173 prek\u0117s/Vaisin\u0117s ir desertin\u0117s tyrel\u0117s/Vaisin\u0117s ir desertin\u0117s tyrel\u0117s nuo 6 m\u0117n.",
                "labelPrice": 1.49,
                "pricePerUnit": 16.56,
                "units": "kg",
                "packageAmount": 1.0,
                "description": null,
                "store": "Maxima",
                "availability": "active",
                "origin": null,
                "components": null,
                "image": "https://cdn.barbora.lt/products/3a1e92c9-3531-44e5-820b-b84dfeed868f_s.png"
            },
            {
                "itemName": "K\u016bd. dant\u0173 \u0161epet\u0117lis-kramtukas JORDAN(0-2 m.),ypa\u010d mink\u0161tas, 1 vnt.",
                "itemId": "000000000000452354",
                "itemUrl": "https://barbora.lt/produktai/kud-dantu-sepetelis-kramtukas-jordan-0-2-m-ypac-minkstas-1-vnt",
                "categoryFullPath": "K\u016bdiki\u0173 ir vaik\u0173 prek\u0117s/Vaik\u0173 higienos prek\u0117s/Burnos higienos priemon\u0117s",
                "labelPrice": 2.59,
                "pricePerUnit": 2.59,
                "units": "vnt.",
                "packageAmount": 1.0,
                "description": null,
                "store": "Maxima",
                "availability": "active",
                "origin": null,
                "components": null,
                "image": "https://cdn.barbora.lt/products/63d88482-d502-4d02-aae3-46aa6b8525ae_s.png"
            },
            {
                "itemName": "Sauskeln\u0117s-kelnait\u0117s HUGGIES PANTS 6 berniukams (15-25 kg), 44 vnt.",
                "itemId": "000000000001253250",
                "itemUrl": "https://barbora.lt/produktai/sauskelnes-kelnaites-huggies-pants-6-berniukams-15-25-kg-44-vnt",
                "categoryFullPath": "K\u016bdiki\u0173 ir vaik\u0173 prek\u0117s/Sauskeln\u0117s ir servet\u0117l\u0117s/Sauskeln\u0117s, dydis 6+",
                "labelPrice": 16.05,
                "pricePerUnit": 0.36,
                "units": "vnt.",
                "packageAmount": 1.0,
                "description": null,
                "store": "Maxima",
                "availability": "active",
                "origin": null,
                "components": null,
                "image": "https://cdn.barbora.lt/products/50faabe7-0a66-4a07-b299-71a7306d28dd_s.png"
            },
            {
                "itemName": "K\u016bdiki\u0173 \u0161amp\u016bnas-prausiklis BALANCE 2in1, 240 ml",
                "itemId": "000000000001190530",
                "itemUrl": "https://barbora.lt/produktai/kudikiu-sampunas-prausiklis-balance-2-in-1-240-ml",
                "categoryFullPath": "K\u016bdiki\u0173 ir vaik\u0173 prek\u0117s/Vaik\u0173 higienos prek\u0117s/\u0160amp\u016bnai ir prausimosi priemon\u0117s",
                "labelPrice": 2.99,
                "pricePerUnit": 12.46,
                "units": "l",
                "packageAmount": 1.0,
                "description": null,
                "store": "Maxima",
                "availability": "active",
                "origin": null,
                "components": null,
                "image": "https://cdn.barbora.lt/products/9cf79812-e36e-4b95-a83f-c8bc50c957b1_s.png"
            },
            {
                "itemName": "Vaiki\u0161kas dant\u0173 \u0161epet\u0117lis JORDAN (mink\u0161tas; 3-5 m.), 1 vnt.",
                "itemId": "000000000000781244",
                "itemUrl": "https://barbora.lt/produktai/vaikiskas-dantu-sepetelis-jordan-minkstas-3-5-m-1-vnt",
                "categoryFullPath": "K\u016bdiki\u0173 ir vaik\u0173 prek\u0117s/Vaik\u0173 higienos prek\u0117s/Burnos higienos priemon\u0117s",
                "labelPrice": 2.69,
                "pricePerUnit": 2.69,
                "units": "vnt.",
                "packageAmount": 1.0,
                "description": null,
                "store": "Maxima",
                "availability": "active",
                "origin": null,
                "components": null,
                "image": "https://cdn.barbora.lt/products/b7a9bdbd-a4ce-421a-84eb-4b86c489b753_s.png"
            },
            {
                "itemName": "Sauskeln\u0117s PAMPERS PANTS MEGA BOX 5 (12-17 kg), 96 vnt.",
                "itemId": "000000000001030675",
                "itemUrl": "https://barbora.lt/produktai/sauskelnes-pampers-pants-mega-box-5-12-17-kg-96-vnt",
                "categoryFullPath": "K\u016bdiki\u0173 ir vaik\u0173 prek\u0117s/Sauskeln\u0117s ir servet\u0117l\u0117s/Sauskeln\u0117s, dydis 5",
                "labelPrice": 36.99,
                "pricePerUnit": 0.39,
                "units": "vnt.",
                "packageAmount": 1.0,
                "description": null,
                "store": "Maxima",
                "availability": "active",
                "origin": null,
                "components": null,
                "image": "https://cdn.barbora.lt/products/a0c30c3f-0991-436d-9906-6d446e8d1e71_s.png"
            },
            {
                "itemName": "Ekologi\u0161ka dar\u017eovi\u0173 tyrel\u0117 HIPP su ver\u0161iena (nuo 8 m\u0117n.), 220 g",
                "itemId": "000000000000014943",
                "itemUrl": "https://barbora.lt/produktai/ekologiska-darzoviu-tyrele-hipp-su-versiena-nuo-8-men-220-g",
                "categoryFullPath": "K\u016bdiki\u0173 ir vaik\u0173 prek\u0117s/M\u0117sos ir dar\u017eovi\u0173 tyrel\u0117s /M\u0117sos ir dar\u017eovi\u0173 tyrel\u0117s nuo 8 m\u0117n.",
                "labelPrice": 2.49,
                "pricePerUnit": 11.32,
                "units": "kg",
                "packageAmount": 1.0,
                "description": null,
                "store": "Maxima",
                "availability": "active",
                "origin": null,
                "components": null,
                "image": "https://cdn.barbora.lt/products/3c8092fb-e9d7-4297-85b9-7e88aab059d5_s.png"
            },
            {
                "itemName": "Kriau\u0161i\u0173, slyv\u0173, juod\u0173j\u0173 serbent\u0173 EKOtyrel\u0117 HIPP nuo 6 m\u0117n., 100 g",
                "itemId": "000000000001100118",
                "itemUrl": "https://barbora.lt/produktai/kriausiu-slyvu-juoduju-serbentu-ekotyrele-hipp-nuo-6-men-100-g",
                "categoryFullPath": "K\u016bdiki\u0173 ir vaik\u0173 prek\u0117s/Vaisin\u0117s ir desertin\u0117s tyrel\u0117s/Vaisin\u0117s ir desertin\u0117s tyrel\u0117s nuo 6 m\u0117n.",
                "labelPrice": 1.69,
                "pricePerUnit": 16.9,
                "units": "kg",
                "packageAmount": 1.0,
                "description": null,
                "store": "Maxima",
                "availability": "active",
                "origin": null,
                "components": null,
                "image": "https://cdn.barbora.lt/products/417cce37-3f63-4de8-97ab-270bd5c778eb_s.png"
            },
            {
                "itemName": "Paruo\u0161ta vartoti ko\u0161\u0117 SEMPER su kriau\u0161.ir abrik.(nuo 6 m\u0117n.), 120 g",
                "itemId": "000000000001012538",
                "itemUrl": "https://barbora.lt/produktai/paruosta-vartoti-kose-semper-su-kriaus-ir-abrik-nuo-6-men-120-g",
                "categoryFullPath": "K\u016bdiki\u0173 ir vaik\u0173 prek\u0117s/K\u016bdiki\u0173 ko\u0161\u0117s /Ko\u0161\u0117s be pieno nuo 6 m\u0117n.",
                "labelPrice": 1.59,
                "pricePerUnit": 13.25,
                "units": "kg",
                "packageAmount": 1.0,
                "description": null,
                "store": "Maxima",
                "availability": "active",
                "origin": null,
                "components": null,
                "image": "https://cdn.barbora.lt/products/fdfec088-3294-44e6-8c5a-a17415eab5fb_s.png"
            },
            {
                "itemName": "Berniuk\u0173 sauskeln\u0117s-kelnait\u0117s HUGGIES PANTS 4 (9-14 kg), 52 vnt.",
                "itemId": "000000000001096365",
                "itemUrl": "https://barbora.lt/produktai/berniuku-sauskelnes-kelnaites-huggies-pants-4-9-14-kg-52-vnt",
                "categoryFullPath": "K\u016bdiki\u0173 ir vaik\u0173 prek\u0117s/Sauskeln\u0117s ir servet\u0117l\u0117s/Sauskeln\u0117s, dydis 4",
                "labelPrice": 15.99,
                "pricePerUnit": 0.31,
                "units": "vnt.",
                "packageAmount": 1.0,
                "description": null,
                "store": "Maxima",
                "availability": "active",
                "origin": null,
                "components": null,
                "image": "https://cdn.barbora.lt/products/89ccfb50-4299-445a-9a7f-94430d1229ea_s.png"
            },
            {
                "itemName": "Ekol. kukur\u016bz\u0173 u\u017ekand. PONN su bra\u0161k\u0117m., obuol. (nuo 7 m\u0117n.), 20 g",
                "itemId": "000000000001259161",
                "itemUrl": "https://barbora.lt/produktai/ekol-kukuruzu-uzkand-ponn-su-braskem-obuol-nuo-7-men-20-g",
                "categoryFullPath": "K\u016bdiki\u0173 ir vaik\u0173 prek\u0117s/K\u016bdiki\u0173 g\u0117rimai ir u\u017ekand\u017eiai/Sausainiai, trapu\u010diai ir d\u017ei\u016bv\u0117s\u0117liai",
                "labelPrice": 1.55,
                "pricePerUnit": 77.5,
                "units": "kg",
                "packageAmount": 1.0,
                "description": null,
                "store": "Maxima",
                "availability": "active",
                "origin": null,
                "components": null,
                "image": "https://cdn.barbora.lt/products/4e08bd0f-31f7-46a5-a475-a7509e49bed5_s.png"
            },
            {
                "itemName": "Dr\u0117gnosios k\u016bdiki\u0173 servet\u0117l\u0117s HUGGIES PURE EXTRA CARE, 168 vnt.",
                "itemId": "000000000001226888",
                "itemUrl": "https://barbora.lt/produktai/dregnosios-kudikiu-serveteles-huggies-pure-extra-care-168-vnt",
                "categoryFullPath": "K\u016bdiki\u0173 ir vaik\u0173 prek\u0117s/Sauskeln\u0117s ir servet\u0117l\u0117s/Dr\u0117gnosios servet\u0117l\u0117s",
                "labelPrice": 4.39,
                "pricePerUnit": 0.03,
                "units": "vnt.",
                "packageAmount": 1.0,
                "description": null,
                "store": "Maxima",
                "availability": "active",
                "origin": null,
                "components": null,
                "image": "https://cdn.barbora.lt/products/a14c6bf8-f6e4-4c7a-8cf1-c9b40a1de10e_s.png"
            },
            {
                "itemName": "Obuoli\u0173, banan\u0173, avie\u010di\u0173 EKOtyrel\u0117 HIPP su gr\u016bdais,nuo 6m\u0117n., 100 g",
                "itemId": "000000000001100120",
                "itemUrl": "https://barbora.lt/produktai/obuoliu-bananu-avieciu-ekotyrele-hipp-su-grudais-nuo-6-men-100-g",
                "categoryFullPath": "K\u016bdiki\u0173 ir vaik\u0173 prek\u0117s/Vaisin\u0117s ir desertin\u0117s tyrel\u0117s/Vaisin\u0117s ir desertin\u0117s tyrel\u0117s nuo 6 m\u0117n.",
                "labelPrice": 1.69,
                "pricePerUnit": 16.9,
                "units": "kg",
                "packageAmount": 1.0,
                "description": null,
                "store": "Maxima",
                "availability": "active",
                "origin": null,
                "components": null,
                "image": "https://cdn.barbora.lt/products/a1cc39fd-1873-410c-9035-2f05ae76f7f0_s.png"
            }
        ]
    },
    {
        "category": "\r\n                        Kosmetika ir higiena\r\n                    ",
        "categoryUrl": "https://barbora.lt/kosmetika-ir-higiena",
        "responseUrl": "https://barbora.lt/",
        "items": [
            {
                "itemName": "Bambukiniai kosmetiniai pagaliukai HUMBLE BRUSH, 100 vnt,ro\u017e, 100 vnt.",
                "itemId": "000000000001196876",
                "itemUrl": "https://barbora.lt/produktai/bambukiniai-kosmetiniai-pagaliukai-humble-brush-100-vnt-roz-100-vnt",
                "categoryFullPath": "Kosmetika ir higiena/Veido prie\u017ei\u016bros priemon\u0117s/Kosmetin\u0117 vata ir krap\u0161tukai",
                "labelPrice": 2.89,
                "pricePerUnit": 0.03,
                "units": "vnt.",
                "packageAmount": 1.0,
                "description": null,
                "store": "Maxima",
                "availability": "active",
                "origin": null,
                "components": null,
                "image": "https://cdn.barbora.lt/products/69a75ba8-57b1-4bbf-8507-4aca6f141df1_s.png"
            },
            {
                "itemName": "K\u016bno sviestas NATURA SIBERICA su \u0161altalanki\u0173 aliejumi, 300 ml",
                "itemId": "000000000001168836",
                "itemUrl": "https://barbora.lt/produktai/kuno-sviestas-natura-siberica-su-saltalankiu-aliejumi-300-ml",
                "categoryFullPath": "Kosmetika ir higiena/K\u016bno prie\u017ei\u016bros priemon\u0117s/K\u016bno odos prie\u017ei\u016bros priemon\u0117s ",
                "labelPrice": 7.19,
                "pricePerUnit": 23.97,
                "units": "l",
                "packageAmount": 1.0,
                "description": null,
                "store": "Maxima",
                "availability": "active",
                "origin": null,
                "components": null,
                "image": "https://cdn.barbora.lt/products/7f348a21-3c55-4ad3-bfe6-2116b06bb982_s.png"
            },
            {
                "itemName": "Balinamoji dant\u0173 pasta BLANX CLASSIC ADVANCE WHITENING, 75 ml",
                "itemId": "000000000000084099",
                "itemUrl": "https://barbora.lt/produktai/balinamoji-dantu-pasta-blanx-classic-advance-whitening-75-ml",
                "categoryFullPath": "Kosmetika ir higiena/Burnos higienos priemon\u0117s/Dant\u0173 pastos",
                "labelPrice": 7.29,
                "pricePerUnit": 97.2,
                "units": "l",
                "packageAmount": 1.0,
                "description": null,
                "store": "Maxima",
                "availability": "active",
                "origin": null,
                "components": null,
                "image": "https://cdn.barbora.lt/products/8d6df707-689f-4714-a80d-34ed9598a286_s.png"
            },
            {
                "itemName": "Naktiniai higieniniai paketai BELLA IDEALE, 14 vnt., 14 vnt.",
                "itemId": "000000000001138861",
                "itemUrl": "https://barbora.lt/produktai/naktiniai-higieniniai-paketai-bella-ideale-14-vnt-14-vnt",
                "categoryFullPath": "Kosmetika ir higiena/Intymios higienos prek\u0117s/Higieniniai paketai",
                "labelPrice": 3.25,
                "pricePerUnit": 0.23,
                "units": "vnt.",
                "packageAmount": 1.0,
                "description": null,
                "store": "Maxima",
                "availability": "active",
                "origin": null,
                "components": null,
                "image": "https://cdn.barbora.lt/products/d1fa2b6e-fa86-487b-8368-256786609250_s.png"
            },
            {
                "itemName": "Mot.rut.dezodorantas FA IPANEMA NIGHTS, 50 ml",
                "itemId": "000000000001174511",
                "itemUrl": "https://barbora.lt/produktai/mot-rut-dezodorantas-fa-ipanema-nights-50-ml",
                "categoryFullPath": "Kosmetika ir higiena/Dezodorantai/Rutuliniai ir pie\u0161tukiniai dezodorantai moterims",
                "labelPrice": 3.35,
                "pricePerUnit": 67.0,
                "units": "l",
                "packageAmount": 1.0,
                "description": null,
                "store": "Maxima",
                "availability": "active",
                "origin": null,
                "components": null,
                "image": "https://cdn.barbora.lt/products/f3c5ecad-045d-4201-9cbb-ea4cc238dbe3_s.png"
            },
            {
                "itemName": "Rank\u0173 kremas BARNANGEN REPAIRING, 75 ml",
                "itemId": "000000000001201620",
                "itemUrl": "https://barbora.lt/produktai/ranku-kremas-barnangen-repairing-75-ml",
                "categoryFullPath": "Kosmetika ir higiena/Rank\u0173 ir p\u0117d\u0173 odos prie\u017ei\u016bros priemon\u0117s/Rank\u0173 odos prie\u017ei\u016bros priemon\u0117s",
                "labelPrice": 4.49,
                "pricePerUnit": 59.87,
                "units": "l",
                "packageAmount": 1.0,
                "description": null,
                "store": "Maxima",
                "availability": "active",
                "origin": null,
                "components": null,
                "image": "https://cdn.barbora.lt/products/09ab5df6-d02f-46e6-b85e-ae1a2f8f510e_s.png"
            },
            {
                "itemName": "Kietasis plauk\u0173 \u0161amp\u016bnas NATURE BOX su avokad\u0173 ekstraktu, 85 g",
                "itemId": "000000000001215044",
                "itemUrl": "https://barbora.lt/produktai/kietasis-plauku-sampunas-nature-box-su-avokadu-ekstraktu-85-g",
                "categoryFullPath": "Kosmetika ir higiena/Plauk\u0173 prie\u017ei\u016bros priemon\u0117s/Plauk\u0173 \u0161amp\u016bnai",
                "labelPrice": 7.59,
                "pricePerUnit": 89.29,
                "units": "kg",
                "packageAmount": 1.0,
                "description": null,
                "store": "Maxima",
                "availability": "active",
                "origin": null,
                "components": null,
                "image": "https://cdn.barbora.lt/products/240e45c6-514d-45a9-ba56-a2b2e08d3d9c_s.png"
            },
            {
                "itemName": "K\u016bno pienelis BARNANGEN OIL INTENSE, 400 ml, 400 ml",
                "itemId": "000000000001185469",
                "itemUrl": "https://barbora.lt/produktai/kuno-pienelis-barnangen-oil-intense-400-ml-400-ml",
                "categoryFullPath": "Kosmetika ir higiena/K\u016bno prie\u017ei\u016bros priemon\u0117s/K\u016bno odos prie\u017ei\u016bros priemon\u0117s ",
                "labelPrice": 9.79,
                "pricePerUnit": 24.48,
                "units": "l",
                "packageAmount": 1.0,
                "description": null,
                "store": "Maxima",
                "availability": "active",
                "origin": null,
                "components": null,
                "image": "https://cdn.barbora.lt/products/9acaadfc-aac1-4152-88ca-e61136c16c34_s.png"
            },
            {
                "itemName": "Plauk\u0173 balzamas NATURE BOX su alyvuogi\u0173 ekstraktu, 385 ml",
                "itemId": "000000000001215005",
                "itemUrl": "https://barbora.lt/produktai/plauku-balzamas-nature-box-su-alyvuogiu-ekstraktu-385-ml",
                "categoryFullPath": "Kosmetika ir higiena/Plauk\u0173 prie\u017ei\u016bros priemon\u0117s/Plauk\u0173 balzamai",
                "labelPrice": 7.99,
                "pricePerUnit": 20.75,
                "units": "l",
                "packageAmount": 1.0,
                "description": null,
                "store": "Maxima",
                "availability": "active",
                "origin": null,
                "components": null,
                "image": "https://cdn.barbora.lt/products/e052afac-a632-4500-bf76-8de7a7560997_s.png"
            },
            {
                "itemName": "Pur\u0161kiamasis plauk\u0173 kondicionierius NATURE BOX, 200 ml",
                "itemId": "000000000001215723",
                "itemUrl": "https://barbora.lt/produktai/purskiamasis-plauku-kondicionierius-nature-box-200-ml",
                "categoryFullPath": "Kosmetika ir higiena/Plauk\u0173 prie\u017ei\u016bros priemon\u0117s/Plauk\u0173 balzamai",
                "labelPrice": 7.99,
                "pricePerUnit": 39.95,
                "units": "l",
                "packageAmount": 1.0,
                "description": null,
                "store": "Maxima",
                "availability": "active",
                "origin": null,
                "components": null,
                "image": "https://cdn.barbora.lt/products/9d0c00d5-b1ea-45c8-b97d-9e28352f4bd2_s.png"
            },
            {
                "itemName": "Kietasis plauk\u0173 \u0161amp\u016bnas NATURE BOX su migdol\u0173 ekstraktu, 85 g",
                "itemId": "000000000001215045",
                "itemUrl": "https://barbora.lt/produktai/kietasis-plauku-sampunas-nature-box-su-migdolu-ekstraktu-85-g",
                "categoryFullPath": "Kosmetika ir higiena/Plauk\u0173 prie\u017ei\u016bros priemon\u0117s/Plauk\u0173 \u0161amp\u016bnai",
                "labelPrice": 7.59,
                "pricePerUnit": 89.29,
                "units": "kg",
                "packageAmount": 1.0,
                "description": null,
                "store": "Maxima",
                "availability": "active",
                "origin": null,
                "components": null,
                "image": "https://cdn.barbora.lt/products/d6876f1d-e0e0-454e-b18d-3585111867bf_s.png"
            },
            {
                "itemName": "Plauk\u0173 \u0161amp\u016bnas ORGANIC SHOP ARGANAS&AMLA, 280 ml",
                "itemId": "000000000001160985",
                "itemUrl": "https://barbora.lt/produktai/plauku-sampunas-organic-shop-arganas-amla-280-ml",
                "categoryFullPath": "Kosmetika ir higiena/Plauk\u0173 prie\u017ei\u016bros priemon\u0117s/Plauk\u0173 \u0161amp\u016bnai",
                "labelPrice": 3.59,
                "pricePerUnit": 12.82,
                "units": "l",
                "packageAmount": 1.0,
                "description": null,
                "store": "Maxima",
                "availability": "active",
                "origin": null,
                "components": null,
                "image": "https://cdn.barbora.lt/products/593ee596-88b9-49f5-9cf6-ddd44a806cac_s.png"
            },
            {
                "itemName": "Du\u0161o kremas BARNANGEN OIL INTENSE, 400 ml, 400 ml",
                "itemId": "000000000001185468",
                "itemUrl": "https://barbora.lt/produktai/duso-kremas-barnangen-oil-intense-400-ml-400-ml",
                "categoryFullPath": "Kosmetika ir higiena/K\u016bno prie\u017ei\u016bros priemon\u0117s/Du\u0161o \u017eel\u0117",
                "labelPrice": 8.09,
                "pricePerUnit": 20.23,
                "units": "l",
                "packageAmount": 1.0,
                "description": null,
                "store": "Maxima",
                "availability": "active",
                "origin": null,
                "components": null,
                "image": "https://cdn.barbora.lt/products/d4887b53-0291-4ecd-8870-8076e1e8db4f_s.png"
            },
            {
                "itemName": "Plauk\u0173 pur\u0161kiklis NATURE BOX su alyvuogi\u0173 ekstraktu, 200 ml",
                "itemId": "000000000001215008",
                "itemUrl": "https://barbora.lt/produktai/plauku-purskiklis-nature-box-su-alyvuogiu-ekstraktu-200-ml",
                "categoryFullPath": "Kosmetika ir higiena/Plauk\u0173 prie\u017ei\u016bros priemon\u0117s/Plauk\u0173 balzamai",
                "labelPrice": 7.99,
                "pricePerUnit": 39.95,
                "units": "l",
                "packageAmount": 1.0,
                "description": null,
                "store": "Maxima",
                "availability": "active",
                "origin": null,
                "components": null,
                "image": "https://cdn.barbora.lt/products/48fd0b0f-d67f-4f78-958b-07948ab491d1_s.png"
            },
            {
                "itemName": "K\u016bno balzamas BARNANGEN Oil Intense, 200 ml, 200 ml",
                "itemId": "000000000001187862",
                "itemUrl": "https://barbora.lt/produktai/kuno-balzamas-barnangen-oil-intense-200-ml-200-ml",
                "categoryFullPath": "Kosmetika ir higiena/K\u016bno prie\u017ei\u016bros priemon\u0117s/K\u016bno odos prie\u017ei\u016bros priemon\u0117s ",
                "labelPrice": 9.19,
                "pricePerUnit": 45.95,
                "units": "l",
                "packageAmount": 1.0,
                "description": null,
                "store": "Maxima",
                "availability": "active",
                "origin": null,
                "components": null,
                "image": "https://cdn.barbora.lt/products/58ca5ed5-62b9-45cb-9be1-2dfa0dee9863_s.png"
            },
            {
                "itemName": "Du\u0161o gelis FA, 250 ml",
                "itemId": "000000000001214942",
                "itemUrl": "https://barbora.lt/produktai/duso-gelis-fa-250-ml-14942",
                "categoryFullPath": "Kosmetika ir higiena/K\u016bno prie\u017ei\u016bros priemon\u0117s/Du\u0161o \u017eel\u0117",
                "labelPrice": 2.69,
                "pricePerUnit": 10.76,
                "units": "l",
                "packageAmount": 1.0,
                "description": null,
                "store": "Maxima",
                "availability": "active",
                "origin": null,
                "components": null,
                "image": "https://cdn.barbora.lt/products/1665454d-5610-49c9-bdd9-a809dd2ec1a1_s.png"
            },
            {
                "itemName": "Pur\u0161kiamasis dezodorantas FA PINK, 150 ml",
                "itemId": "000000000001214937",
                "itemUrl": "https://barbora.lt/produktai/purskiamasis-dezodorantas-fa-pink-150-ml",
                "categoryFullPath": "Kosmetika ir higiena/Dezodorantai/Pur\u0161kiamieji dezodorantai moterims",
                "labelPrice": 3.29,
                "pricePerUnit": 21.93,
                "units": "l",
                "packageAmount": 1.0,
                "description": null,
                "store": "Maxima",
                "availability": "active",
                "origin": null,
                "components": null,
                "image": "https://cdn.barbora.lt/products/c12590d0-a254-44e3-8dfa-582306c20885_s.png"
            },
            {
                "itemName": "Plauk\u0173 lakas SYOSS, 300 ml",
                "itemId": "000000000001215022",
                "itemUrl": "https://barbora.lt/produktai/plauku-lakas-syoss-300-ml",
                "categoryFullPath": "Kosmetika ir higiena/Plauk\u0173 prie\u017ei\u016bros priemon\u0117s/Plauk\u0173 lakas",
                "labelPrice": 5.99,
                "pricePerUnit": 19.97,
                "units": "l",
                "packageAmount": 1.0,
                "description": null,
                "store": "Maxima",
                "availability": "active",
                "origin": null,
                "components": null,
                "image": "https://cdn.barbora.lt/products/57e83dff-6d03-4865-b886-b732688438e7_s.png"
            },
            {
                "itemName": "Moteri\u0161kas pur\u0161kiamas dezodorantas FA, 150 ml",
                "itemId": "000000000001215725",
                "itemUrl": "https://barbora.lt/produktai/moteriskas-purskiamas-dezodorantas-fa-150-ml",
                "categoryFullPath": "Kosmetika ir higiena/Dezodorantai/Pur\u0161kiamieji dezodorantai moterims",
                "labelPrice": 3.29,
                "pricePerUnit": 21.93,
                "units": "l",
                "packageAmount": 1.0,
                "description": null,
                "store": "Maxima",
                "availability": "active",
                "origin": null,
                "components": null,
                "image": "https://cdn.barbora.lt/products/b0bfc9a8-a58d-4d8d-bfda-9880e34f554e_s.png"
            },
            {
                "itemName": "Odos prie\u017ei\u016bros priemon\u0117 BIO-OIL, 60 ml",
                "itemId": "000000000001011960",
                "itemUrl": "https://barbora.lt/produktai/odos-prieziuros-priemone-bio-oil-60-ml",
                "categoryFullPath": "Kosmetika ir higiena/K\u016bno prie\u017ei\u016bros priemon\u0117s/K\u016bno odos prie\u017ei\u016bros priemon\u0117s ",
                "labelPrice": 11.29,
                "pricePerUnit": 188.17,
                "units": "l",
                "packageAmount": 1.0,
                "description": null,
                "store": "Maxima",
                "availability": "active",
                "origin": null,
                "components": null,
                "image": "https://cdn.barbora.lt/products/4ca976f5-0d29-4f91-9ec9-183cf9ed4919_s.png"
            },
            {
                "itemName": "Vyri\u0161kas pur\u0161kiamasis dezodorantas FA MEN, 150 ml",
                "itemId": "000000000001214936",
                "itemUrl": "https://barbora.lt/produktai/vyriskas-purskiamasis-dezodorantas-fa-men-150-ml",
                "categoryFullPath": "Kosmetika ir higiena/Dezodorantai/Pur\u0161kiamieji dezodorantai vyrams",
                "labelPrice": 3.29,
                "pricePerUnit": 21.93,
                "units": "l",
                "packageAmount": 1.0,
                "description": null,
                "store": "Maxima",
                "availability": "active",
                "origin": null,
                "components": null,
                "image": "https://cdn.barbora.lt/products/c011cfc5-afab-485a-acb1-f79a5782c893_s.png"
            },
            {
                "itemName": "Moteri\u0161kas pur\u0161kiamas dezodorantas FA, 150 ml",
                "itemId": "000000000001215726",
                "itemUrl": "https://barbora.lt/produktai/moteriskas-purskiamas-dezodorantas-fa-150-ml-15726",
                "categoryFullPath": "Kosmetika ir higiena/Dezodorantai/Pur\u0161kiamieji dezodorantai moterims",
                "labelPrice": 3.29,
                "pricePerUnit": 21.93,
                "units": "l",
                "packageAmount": 1.0,
                "description": null,
                "store": "Maxima",
                "availability": "active",
                "origin": null,
                "components": null,
                "image": "https://cdn.barbora.lt/products/8f245d20-e0ac-4e15-9622-4305414d5522_s.png"
            },
            {
                "itemName": "Vyri\u0161kas pur\u0161kiamas dezodorantas FA MEN, 150 ml",
                "itemId": "000000000001215730",
                "itemUrl": "https://barbora.lt/produktai/vyriskas-purskiamas-dezodorantas-fa-men-150-ml",
                "categoryFullPath": "Kosmetika ir higiena/Dezodorantai/Pur\u0161kiamieji dezodorantai vyrams",
                "labelPrice": 3.29,
                "pricePerUnit": 21.93,
                "units": "l",
                "packageAmount": 1.0,
                "description": null,
                "store": "Maxima",
                "availability": "active",
                "origin": null,
                "components": null,
                "image": "https://cdn.barbora.lt/products/ed484a6c-6ef3-4fdb-b1e8-e2f61ede03fd_s.png"
            },
            {
                "itemName": "Pur\u0161kiamasis dezodorantas FA INVISIBLE, 150 ml",
                "itemId": "000000000001214938",
                "itemUrl": "https://barbora.lt/produktai/purskiamasis-dezodorantas-fa-invisible-150-ml",
                "categoryFullPath": "Kosmetika ir higiena/Dezodorantai/Rutuliniai ir pie\u0161tukiniai dezodorantai moterims",
                "labelPrice": 3.29,
                "pricePerUnit": 21.93,
                "units": "l",
                "packageAmount": 1.0,
                "description": null,
                "store": "Maxima",
                "availability": "active",
                "origin": null,
                "components": null,
                "image": "https://cdn.barbora.lt/products/46547295-5ef6-4acc-8a81-fdc7bfe5c1c8_s.png"
            },
            {
                "itemName": "Rutulinis dezodorantas FA PINK, 50 ml",
                "itemId": "000000000001214944",
                "itemUrl": "https://barbora.lt/produktai/rutulinis-dezodorantas-fa-pink-50-ml",
                "categoryFullPath": "Kosmetika ir higiena/Dezodorantai/Rutuliniai ir pie\u0161tukiniai dezodorantai moterims",
                "labelPrice": 3.35,
                "pricePerUnit": 67.0,
                "units": "l",
                "packageAmount": 1.0,
                "description": null,
                "store": "Maxima",
                "availability": "active",
                "origin": null,
                "components": null,
                "image": "https://cdn.barbora.lt/products/0d8d180b-d22c-412a-9cbe-dd0bf343a28e_s.png"
            },
            {
                "itemName": "Viruso COVID-19 greitasis antigen\u0173 testas SARS-COV-2, 1 vnt.",
                "itemId": "000000000001263226",
                "itemUrl": "https://barbora.lt/produktai/viruso-covid-19-greitasis-antigenu-testas-sars-cov-2-1-vnt",
                "categoryFullPath": "Kosmetika ir higiena/Medicinos prek\u0117s/Kitos medicinin\u0117s prek\u0117s",
                "labelPrice": 2.99,
                "pricePerUnit": 2.99,
                "units": "vnt.",
                "packageAmount": 1.0,
                "description": null,
                "store": "Maxima",
                "availability": "active",
                "origin": null,
                "components": null,
                "image": "https://cdn.barbora.lt/products/20ee7d43-fa97-40f6-b4ea-4fc2789e8f87_s.png"
            },
            {
                "itemName": "Kosmetiniai vatos lapeliai LA FONTE, 120 vnt.",
                "itemId": "000000000001075672",
                "itemUrl": "https://barbora.lt/produktai/kosmetiniai-vatos-lapeliai-la-fonte-120-vnt",
                "categoryFullPath": "Kosmetika ir higiena/Veido prie\u017ei\u016bros priemon\u0117s/Kosmetin\u0117 vata ir krap\u0161tukai",
                "labelPrice": 0.76,
                "pricePerUnit": 0.01,
                "units": "vnt.",
                "packageAmount": 1.0,
                "description": null,
                "store": "Maxima",
                "availability": "active",
                "origin": null,
                "components": null,
                "image": "https://cdn.barbora.lt/products/764b6411-92f5-4103-bdff-858afdda00c4_s.png"
            },
            {
                "itemName": "Kosmetiniai vatos pagaliukai BELLA BIO, 160 vnt.",
                "itemId": "000000000000740827",
                "itemUrl": "https://barbora.lt/produktai/kosmetiniai-vatos-pagaliukai-bella-bio-160-vnt",
                "categoryFullPath": "Kosmetika ir higiena/Veido prie\u017ei\u016bros priemon\u0117s/Kosmetin\u0117 vata ir krap\u0161tukai",
                "labelPrice": 1.19,
                "pricePerUnit": 0.01,
                "units": "vnt.",
                "packageAmount": 1.0,
                "description": null,
                "store": "Maxima",
                "availability": "active",
                "origin": null,
                "components": null,
                "image": "https://cdn.barbora.lt/products/71af9a8d-40e1-4a4f-ace4-a22b4c93da19_s.png"
            },
            {
                "itemName": "Vatos lapeliai CLEANIC SOFT & COMFORT, 133 vnt.",
                "itemId": "000000000000849468",
                "itemUrl": "https://barbora.lt/produktai/vatos-lapeliai-cleanic-soft-comfort-133-vnt",
                "categoryFullPath": "Kosmetika ir higiena/Veido prie\u017ei\u016bros priemon\u0117s/Kosmetin\u0117 vata ir krap\u0161tukai",
                "labelPrice": 1.39,
                "pricePerUnit": 0.01,
                "units": "vnt.",
                "packageAmount": 1.0,
                "description": null,
                "store": "Maxima",
                "availability": "active",
                "origin": null,
                "components": null,
                "image": "https://cdn.barbora.lt/products/c08b4479-5ce6-4bdc-8c8f-0c5a01903a7f_s.png"
            },
            {
                "itemName": "Higieniniai paketai LIBRESSE ULTRA NORMAL, 20 vnt.",
                "itemId": "000000000000058857",
                "itemUrl": "https://barbora.lt/produktai/higieniniai-paketai-libresse-ultra-normal-20-vnt",
                "categoryFullPath": "Kosmetika ir higiena/Intymios higienos prek\u0117s/Higieniniai paketai",
                "labelPrice": 3.39,
                "pricePerUnit": 0.17,
                "units": "vnt.",
                "packageAmount": 1.0,
                "description": null,
                "store": "Maxima",
                "availability": "active",
                "origin": null,
                "components": null,
                "image": "https://cdn.barbora.lt/products/99def249-e25b-4000-87ee-d2e1e699e862_s.png"
            },
            {
                "itemName": "Kosmetiniai vatos pagaliukai BELLA, 160 vnt.",
                "itemId": "000000000000647132",
                "itemUrl": "https://barbora.lt/produktai/kosmetiniai-vatos-pagaliukai-bella-160-vnt",
                "categoryFullPath": "Kosmetika ir higiena/Veido prie\u017ei\u016bros priemon\u0117s/Kosmetin\u0117 vata ir krap\u0161tukai",
                "labelPrice": 1.09,
                "pricePerUnit": 0.01,
                "units": "vnt.",
                "packageAmount": 1.0,
                "description": null,
                "store": "Maxima",
                "availability": "active",
                "origin": null,
                "components": null,
                "image": "https://cdn.barbora.lt/products/9aae46c9-e7a0-4079-9cc9-71a43aa02700_s.png"
            },
            {
                "itemName": "Kosmetiniai vatos lapeliai DIVUS, 120 vnt.",
                "itemId": "000000000001075676",
                "itemUrl": "https://barbora.lt/produktai/kosmetiniai-vatos-lapeliai-divus-120-vnt",
                "categoryFullPath": "Kosmetika ir higiena/Veido prie\u017ei\u016bros priemon\u0117s/Kosmetin\u0117 vata ir krap\u0161tukai",
                "labelPrice": 0.99,
                "pricePerUnit": 0.01,
                "units": "vnt.",
                "packageAmount": 1.0,
                "description": null,
                "store": "Maxima",
                "availability": "active",
                "origin": null,
                "components": null,
                "image": "https://cdn.barbora.lt/products/5fc9df73-3c7b-4abe-ac32-fd902c42729e_s.png"
            },
            {
                "itemName": "Tarpdan\u010di\u0173 si\u016blas JORDAN 3-IN-1 FLOSSER su laikikliu, 36 vnt.",
                "itemId": "000000000000894005",
                "itemUrl": "https://barbora.lt/produktai/tarpdanciu-siulas-jordan-3-in-1-flosser-su-laikikliu-36-vnt",
                "categoryFullPath": "Kosmetika ir higiena/Burnos higienos priemon\u0117s/Dant\u0173 si\u016blai ir krap\u0161tukai",
                "labelPrice": 2.99,
                "pricePerUnit": 0.08,
                "units": "vnt.",
                "packageAmount": 1.0,
                "description": null,
                "store": "Maxima",
                "availability": "active",
                "origin": null,
                "components": null,
                "image": "https://cdn.barbora.lt/products/5c4e0127-bda4-4d03-a360-d64349b4fcc1_s.png"
            },
            {
                "itemName": "Gabalinis tualetinis muilas DOVE ORIGINAL, 90 g",
                "itemId": "000000000001300139",
                "itemUrl": "https://barbora.lt/produktai/gabalinis-tualetinis-muilas-dove-original-90-g",
                "categoryFullPath": "Kosmetika ir higiena/K\u016bno prie\u017ei\u016bros priemon\u0117s/Gabalinis tualetinis muilas",
                "labelPrice": 1.19,
                "pricePerUnit": 13.22,
                "units": "kg",
                "packageAmount": 1.0,
                "description": null,
                "store": "Maxima",
                "availability": "active",
                "origin": null,
                "components": null,
                "image": "https://cdn.barbora.lt/products/021e2dec-3279-4ee9-9226-1097bd8cf13c_s.png"
            },
            {
                "itemName": "Kosmetiniai vatos pagaliukai BELLA, 200 vnt.",
                "itemId": "000000000000013734",
                "itemUrl": "https://barbora.lt/produktai/kosmetiniai-vatos-pagaliukai-bella-200-vnt",
                "categoryFullPath": "Kosmetika ir higiena/Veido prie\u017ei\u016bros priemon\u0117s/Kosmetin\u0117 vata ir krap\u0161tukai",
                "labelPrice": 1.35,
                "pricePerUnit": 0.01,
                "units": "vnt.",
                "packageAmount": 1.0,
                "description": null,
                "store": "Maxima",
                "availability": "active",
                "origin": null,
                "components": null,
                "image": "https://cdn.barbora.lt/products/8011229c-9bc9-43a5-9a9a-ac9ef9eed078_s.png"
            },
            {
                "itemName": "Ekol. intymios higienos prausiklis BALANCE su augal. ekstr., 275 ml",
                "itemId": "000000000001130082",
                "itemUrl": "https://barbora.lt/produktai/ekol-intymios-higienos-prausiklis-balance-su-augal-ekstr-275-ml",
                "categoryFullPath": "Kosmetika ir higiena/Intymios higienos prek\u0117s/Intymios higienos prausikliai ir servet\u0117l\u0117s",
                "labelPrice": 2.99,
                "pricePerUnit": 10.87,
                "units": "l",
                "packageAmount": 1.0,
                "description": null,
                "store": "Maxima",
                "availability": "active",
                "origin": null,
                "components": null,
                "image": "https://cdn.barbora.lt/products/d4b4d39f-04b0-4ca0-ad27-cc22795011e8_s.png"
            },
            {
                "itemName": "Dant\u0173 si\u016blas ORAL-B ESSENTIAL FLOSS (50 m), 50 m.",
                "itemId": "000000000000023685",
                "itemUrl": "https://barbora.lt/produktai/dantu-siulas-oral-b-essential-floss-50-m-50-m",
                "categoryFullPath": "Kosmetika ir higiena/Burnos higienos priemon\u0117s/Dant\u0173 si\u016blai ir krap\u0161tukai",
                "labelPrice": 3.49,
                "pricePerUnit": 0.07,
                "units": "vnt.",
                "packageAmount": 1.0,
                "description": null,
                "store": "Maxima",
                "availability": "active",
                "origin": null,
                "components": null,
                "image": "https://cdn.barbora.lt/products/e91ef341-ef07-4b95-bebb-1eb3126ad0ab_s.png"
            },
            {
                "itemName": "Dant\u0173 pasta COLGATE SUPERFRESH, 100 ml",
                "itemId": "000000000000696070",
                "itemUrl": "https://barbora.lt/produktai/dantu-pasta-colgate-superfresh-100-ml",
                "categoryFullPath": "Kosmetika ir higiena/Burnos higienos priemon\u0117s/Dant\u0173 pastos",
                "labelPrice": 1.59,
                "pricePerUnit": 15.9,
                "units": "l",
                "packageAmount": 1.0,
                "description": null,
                "store": "Maxima",
                "availability": "active",
                "origin": null,
                "components": null,
                "image": "https://cdn.barbora.lt/products/92b31965-3471-4b6a-aab3-9e7f2d1fb408_s.png"
            },
            {
                "itemName": "Dant\u0173 pasta LACALUT AKTIV, 75 ml",
                "itemId": "000000000000404036",
                "itemUrl": "https://barbora.lt/produktai/dantu-pasta-lacalut-aktiv-75-ml",
                "categoryFullPath": "Kosmetika ir higiena/Burnos higienos priemon\u0117s/Dant\u0173 pastos",
                "labelPrice": 3.85,
                "pricePerUnit": 51.33,
                "units": "l",
                "packageAmount": 1.0,
                "description": null,
                "store": "Maxima",
                "availability": "active",
                "origin": null,
                "components": null,
                "image": "https://cdn.barbora.lt/products/2992422a-84be-46cb-8898-27f01e197108_s.png"
            },
            {
                "itemName": "Vatos lapeliai BELLA, 120 vnt.",
                "itemId": "000000000000063975",
                "itemUrl": "https://barbora.lt/produktai/vatos-lapeliai-bella-120-vnt",
                "categoryFullPath": "Kosmetika ir higiena/Veido prie\u017ei\u016bros priemon\u0117s/Kosmetin\u0117 vata ir krap\u0161tukai",
                "labelPrice": 1.59,
                "pricePerUnit": 0.01,
                "units": "vnt.",
                "packageAmount": 1.0,
                "description": null,
                "store": "Maxima",
                "availability": "active",
                "origin": null,
                "components": null,
                "image": "https://cdn.barbora.lt/products/0a6d1852-55f5-420c-bae2-10fd7f7efe4e_s.png"
            },
            {
                "itemName": "Skystasis muilas EXO LINE (melion\u0173 kv.), 1 l",
                "itemId": "000000000000539705",
                "itemUrl": "https://barbora.lt/produktai/skystasis-muilas-exo-line-melionu-kv-1-l",
                "categoryFullPath": "Kosmetika ir higiena/K\u016bno prie\u017ei\u016bros priemon\u0117s/Skystas tualetinis muilas",
                "labelPrice": 1.05,
                "pricePerUnit": 1.05,
                "units": "l",
                "packageAmount": 1.0,
                "description": null,
                "store": "Maxima",
                "availability": "active",
                "origin": null,
                "components": null,
                "image": "https://cdn.barbora.lt/products/737da762-035d-4e89-af14-0bf4b9aac575_s.png"
            },
            {
                "itemName": "Higieniniai paketai ALWAYS ULTRA EXTRA NIGHT, 12 vnt.",
                "itemId": "000000000000928700",
                "itemUrl": "https://barbora.lt/produktai/higieniniai-paketai-always-ultra-extra-night-12-vnt",
                "categoryFullPath": "Kosmetika ir higiena/Intymios higienos prek\u0117s/Higieniniai paketai",
                "labelPrice": 3.89,
                "pricePerUnit": 0.32,
                "units": "vnt.",
                "packageAmount": 1.0,
                "description": null,
                "store": "Maxima",
                "availability": "active",
                "origin": null,
                "components": null,
                "image": "https://cdn.barbora.lt/products/90ad9d0d-d604-4fa7-b69b-9fad3126801e_s.png"
            },
            {
                "itemName": "Dant\u0173 pasta ELMEX (SENSITIVE), 75 ml",
                "itemId": "000000000000976891",
                "itemUrl": "https://barbora.lt/produktai/dantu-pasta-elmex-sensitive-75-ml",
                "categoryFullPath": "Kosmetika ir higiena/Burnos higienos priemon\u0117s/Dant\u0173 pastos",
                "labelPrice": 4.69,
                "pricePerUnit": 62.53,
                "units": "l",
                "packageAmount": 1.0,
                "description": null,
                "store": "Maxima",
                "availability": "active",
                "origin": null,
                "components": null,
                "image": "https://cdn.barbora.lt/products/8cf7aafd-53d8-446e-ac9e-352d1603a16a_s.png"
            },
            {
                "itemName": "Dant\u0173 pasta COLGATE MAXFRESH, 100 ml, 100 ml",
                "itemId": "000000000001222730",
                "itemUrl": "https://barbora.lt/produktai/dantu-pasta-colgate-maxfresh-100-ml-100-ml",
                "categoryFullPath": "Kosmetika ir higiena/Burnos higienos priemon\u0117s/Dant\u0173 pastos",
                "labelPrice": 2.59,
                "pricePerUnit": 25.9,
                "units": "l",
                "packageAmount": 1.0,
                "description": null,
                "store": "Maxima",
                "availability": "active",
                "origin": null,
                "components": null,
                "image": "https://cdn.barbora.lt/products/70cb6b8d-44be-413f-9b6b-715a7d664c35_s.png"
            },
            {
                "itemName": "Tualetinis muilas PALMOLIVE MOISTURE CARE, 90 g",
                "itemId": "000000000000815410",
                "itemUrl": "https://barbora.lt/produktai/tualetinis-muilas-palmolive-moisture-care-90-g",
                "categoryFullPath": "Kosmetika ir higiena/K\u016bno prie\u017ei\u016bros priemon\u0117s/Gabalinis tualetinis muilas",
                "labelPrice": 0.59,
                "pricePerUnit": 6.56,
                "units": "kg",
                "packageAmount": 1.0,
                "description": null,
                "store": "Maxima",
                "availability": "active",
                "origin": null,
                "components": null,
                "image": "https://cdn.barbora.lt/products/87d65d27-4a5c-4b4a-8a2b-79768df77e28_s.png"
            },
            {
                "itemName": "Dant\u0173 pasta COLGATE ADV.WHITE CHARCOAL, 100 ml, 100 ml",
                "itemId": "000000000001222734",
                "itemUrl": "https://barbora.lt/produktai/dantu-pasta-colgate-adv-white-charcoal-100-ml-100-ml",
                "categoryFullPath": "Kosmetika ir higiena/Burnos higienos priemon\u0117s/Dant\u0173 pastos",
                "labelPrice": 2.59,
                "pricePerUnit": 25.9,
                "units": "l",
                "packageAmount": 1.0,
                "description": null,
                "store": "Maxima",
                "availability": "active",
                "origin": null,
                "components": null,
                "image": "https://cdn.barbora.lt/products/f91eb0a1-c15a-4b4a-934c-89646104900a_s.png"
            },
            {
                "itemName": "Dant\u0173 pasta HIMALAYA SPARKLY WHITE, 75 ml",
                "itemId": "000000000000880297",
                "itemUrl": "https://barbora.lt/produktai/dantu-pasta-himalaya-sparkly-white-75-ml",
                "categoryFullPath": "Kosmetika ir higiena/Burnos higienos priemon\u0117s/Dant\u0173 pastos",
                "labelPrice": 2.59,
                "pricePerUnit": 34.53,
                "units": "l",
                "packageAmount": 1.0,
                "description": null,
                "store": "Maxima",
                "availability": "active",
                "origin": null,
                "components": null,
                "image": "https://cdn.barbora.lt/products/de904683-f29e-42a7-821c-e40f7ecd9ab1_s.png"
            },
            {
                "itemName": "Skystasis muilas (papildymas) NEUTRAL, 500 ml, 500 ml",
                "itemId": "000000000001061635",
                "itemUrl": "https://barbora.lt/produktai/skystasis-muilas-papildymas-neutral-500-ml-500-ml",
                "categoryFullPath": "Kosmetika ir higiena/K\u016bno prie\u017ei\u016bros priemon\u0117s/Skystas tualetinis muilas",
                "labelPrice": 4.49,
                "pricePerUnit": 8.98,
                "units": "l",
                "packageAmount": 1.0,
                "description": null,
                "store": "Maxima",
                "availability": "active",
                "origin": null,
                "components": null,
                "image": "https://cdn.barbora.lt/products/4f678c37-98c3-4669-8767-1ede052b05bc_s.png"
            },
            {
                "itemName": "Skystasis muilas NIDA su medaus ir migdol\u0173 ekstr.(papildas), 500 ml",
                "itemId": "000000000001133575",
                "itemUrl": "https://barbora.lt/produktai/skystasis-muilas-nida-su-medaus-ir-migdolu-ekstr-papildas-500-ml",
                "categoryFullPath": "Kosmetika ir higiena/K\u016bno prie\u017ei\u016bros priemon\u0117s/Skystas tualetinis muilas",
                "labelPrice": 1.89,
                "pricePerUnit": 3.78,
                "units": "l",
                "packageAmount": 1.0,
                "description": null,
                "store": "Maxima",
                "availability": "active",
                "origin": null,
                "components": null,
                "image": "https://cdn.barbora.lt/products/c948514e-bb6b-4911-916b-a53a80cc3ce3_s.png"
            },
            {
                "itemName": "Dant\u0173 pasta SENSODYNE (DEEP CLEAN), 75 ml",
                "itemId": "000000000001074690",
                "itemUrl": "https://barbora.lt/produktai/dantu-pasta-sensodyne-deep-clean-75-ml",
                "categoryFullPath": "Kosmetika ir higiena/Burnos higienos priemon\u0117s/Dant\u0173 pastos",
                "labelPrice": 4.79,
                "pricePerUnit": 63.87,
                "units": "l",
                "packageAmount": 1.0,
                "description": null,
                "store": "Maxima",
                "availability": "active",
                "origin": null,
                "components": null,
                "image": "https://cdn.barbora.lt/products/85d4640d-0cb2-46b4-94e5-cd44cefa08f0_s.png"
            },
            {
                "itemName": "Higieniniai paketai ALWAYS ULTRA NORMAL PLUS, 20 vnt.",
                "itemId": "000000000000011592",
                "itemUrl": "https://barbora.lt/produktai/higieniniai-paketai-always-ultra-normal-plus-20-vnt",
                "categoryFullPath": "Kosmetika ir higiena/Intymios higienos prek\u0117s/Higieniniai paketai",
                "labelPrice": 3.89,
                "pricePerUnit": 0.19,
                "units": "vnt.",
                "packageAmount": 1.0,
                "description": null,
                "store": "Maxima",
                "availability": "active",
                "origin": null,
                "components": null,
                "image": "https://cdn.barbora.lt/products/a3f72da3-6b98-485f-8045-ee493e071f59_s.png"
            },
            {
                "itemName": "Gabalinis tualetinis muilas PALMOLIVE HYGIENE PLUS ALOE, 90 g",
                "itemId": "000000000001255741",
                "itemUrl": "https://barbora.lt/produktai/gabalinis-tualetinis-muilas-palmolive-hygiene-plus-aloe-90-g",
                "categoryFullPath": "Kosmetika ir higiena/K\u016bno prie\u017ei\u016bros priemon\u0117s/Gabalinis tualetinis muilas",
                "labelPrice": 0.59,
                "pricePerUnit": 6.56,
                "units": "kg",
                "packageAmount": 1.0,
                "description": null,
                "store": "Maxima",
                "availability": "active",
                "origin": null,
                "components": null,
                "image": "https://cdn.barbora.lt/products/6c7dab87-fd19-4b68-a697-8faf0090de1d_s.png"
            }
        ]
    },
    {
        "category": "\r\n                        Namai ir laisvalaikis\r\n                    ",
        "categoryUrl": "https://barbora.lt/namai-ir-laisvalaikis",
        "responseUrl": "https://barbora.lt/",
        "items": [
            {
                "itemName": "Elementai WESTROM (CR2032, 2 vnt., 3V), 2 vnt.",
                "itemId": "000000000001004081",
                "itemUrl": "https://barbora.lt/produktai/elementai-westrom-cr-2032-2-vnt-3-v-2-vnt",
                "categoryFullPath": "Namai ir laisvalaikis/Nam\u0173 apyvokos reikmenys/Galvaniniai elementai",
                "labelPrice": 1.69,
                "pricePerUnit": 0.85,
                "units": "vnt.",
                "packageAmount": 1.0,
                "description": null,
                "store": "Maxima",
                "availability": "active",
                "origin": null,
                "components": null,
                "image": "https://cdn.barbora.lt/products/44e3d577-dedc-4cfc-83d4-cc632860827c_s.png"
            },
            {
                "itemName": "Orchid\u0117j\u0173 tr\u0105\u0161os BIOPON ELIKSIR DUO, 35 ml",
                "itemId": "000000000001103137",
                "itemUrl": "https://barbora.lt/produktai/orchideju-trasos-biopon-eliksir-duo-35-ml",
                "categoryFullPath": "Namai ir laisvalaikis/Augalai ir j\u0173 prie\u017ei\u016bra/Tr\u0105\u0161os",
                "labelPrice": 1.19,
                "pricePerUnit": 34.0,
                "units": "l",
                "packageAmount": 1.0,
                "description": null,
                "store": "Maxima",
                "availability": "active",
                "origin": null,
                "components": null,
                "image": "https://cdn.barbora.lt/products/6fb770a7-eb6e-4ab4-8f94-b22830c3dce9_s.png"
            },
            {
                "itemName": "S\u0105siuvinis su \u017eaidimais (32 lap., langeliais, trij\u0173 kalb\u0173), 1 vnt.",
                "itemId": "000000000000673174",
                "itemUrl": "https://barbora.lt/produktai/sasiuvinis-su-zaidimais-32-lap-langeliais-triju-kalbu-1-vnt",
                "categoryFullPath": "Namai ir laisvalaikis/Mokyklin\u0117s prek\u0117s /Popierius, popieriaus gaminiai",
                "labelPrice": 1.29,
                "pricePerUnit": 1.29,
                "units": "vnt.",
                "packageAmount": 1.0,
                "description": null,
                "store": "Maxima",
                "availability": "active",
                "origin": null,
                "components": null,
                "image": "https://cdn.barbora.lt/products/4ec40296-5dc0-453e-ae49-989914c5b8b8_s.png"
            },
            {
                "itemName": "Produktyvumo s\u0105siuvinis (100 lap\u0173, langeliais), 1 vnt.",
                "itemId": "000000000000908883",
                "itemUrl": "https://barbora.lt/produktai/produktyvumo-sasiuvinis-100-lapu-langeliais-1-vnt",
                "categoryFullPath": "Namai ir laisvalaikis/Mokyklin\u0117s prek\u0117s /Popierius, popieriaus gaminiai",
                "labelPrice": 7.99,
                "pricePerUnit": 7.99,
                "units": "vnt.",
                "packageAmount": 1.0,
                "description": null,
                "store": "Maxima",
                "availability": "active",
                "origin": null,
                "components": null,
                "image": "https://cdn.barbora.lt/products/0be4c95f-49b8-47d3-bdb3-87e7515008be_s.png"
            },
            {
                "itemName": "Elementai WESTROM (C, 2 vnt., R14, 1,5V), 2 vnt.",
                "itemId": "000000000001004075",
                "itemUrl": "https://barbora.lt/produktai/elementai-westrom-c-2-vnt-r-14-1-5-v-2-vnt",
                "categoryFullPath": "Namai ir laisvalaikis/Nam\u0173 apyvokos reikmenys/Galvaniniai elementai",
                "labelPrice": 1.69,
                "pricePerUnit": 0.85,
                "units": "vnt.",
                "packageAmount": 1.0,
                "description": null,
                "store": "Maxima",
                "availability": "active",
                "origin": null,
                "components": null,
                "image": "https://cdn.barbora.lt/products/fd782bac-5d47-4b05-ac8c-abf3858f901e_s.png"
            },
            {
                "itemName": "Orchid\u0117j\u0173 tr\u0105\u0161\u0173 lazdel\u0117s BIOPON, 10 vnt.",
                "itemId": "000000000000832882",
                "itemUrl": "https://barbora.lt/produktai/orchideju-trasu-lazdeles-biopon-10-vnt",
                "categoryFullPath": "Namai ir laisvalaikis/Augalai ir j\u0173 prie\u017ei\u016bra/Tr\u0105\u0161os",
                "labelPrice": 1.69,
                "pricePerUnit": 0.17,
                "units": "vnt.",
                "packageAmount": 1.0,
                "description": null,
                "store": "Maxima",
                "availability": "active",
                "origin": null,
                "components": null,
                "image": "https://cdn.barbora.lt/products/f3f0a563-0df1-4a61-b8b9-bdda1b2ca778_s.png"
            },
            {
                "itemName": "Universalusis pur\u0161kalas DICHLOFOSS nuo vabzd\u017ei\u0173, 250 ml",
                "itemId": "000000000000620120",
                "itemUrl": "https://barbora.lt/produktai/universalusis-purskalas-dichlofoss-nuo-vabzdziu-250-ml",
                "categoryFullPath": "Namai ir laisvalaikis/Laisvalaikio prek\u0117s/Insekticidai, repelentai",
                "labelPrice": 3.19,
                "pricePerUnit": 12.76,
                "units": "l",
                "packageAmount": 1.0,
                "description": null,
                "store": "Maxima",
                "availability": "active",
                "origin": null,
                "components": null,
                "image": "https://cdn.barbora.lt/products/586398cc-5f7c-439e-ab1c-c5470ce9014d_s.png"
            },
            {
                "itemName": "Insekticidas DICHLOFOSS, 400 ml",
                "itemId": "000000000000620119",
                "itemUrl": "https://barbora.lt/produktai/insekticidas-dichlofoss-400-ml-20119",
                "categoryFullPath": "Namai ir laisvalaikis/Laisvalaikio prek\u0117s/Insekticidai, repelentai",
                "labelPrice": 3.99,
                "pricePerUnit": 9.98,
                "units": "l",
                "packageAmount": 1.0,
                "description": null,
                "store": "Maxima",
                "availability": "active",
                "origin": null,
                "components": null,
                "image": "https://cdn.barbora.lt/products/dd352727-ce87-4418-80a6-1417677d0399_s.png"
            },
            {
                "itemName": "Keptuv\u0117 MILANO, 20 cm, 1 vnt.",
                "itemId": "000000000001034210",
                "itemUrl": "https://barbora.lt/produktai/keptuve-milano-20-cm-1-vnt",
                "categoryFullPath": "Namai ir laisvalaikis/Maisto ruo\u0161imo ir laikymo indai/Puodai ir keptuv\u0117s",
                "labelPrice": 23.99,
                "pricePerUnit": 23.99,
                "units": "vnt.",
                "packageAmount": 1.0,
                "description": null,
                "store": "Maxima",
                "availability": "active",
                "origin": null,
                "components": null,
                "image": "https://cdn.barbora.lt/products/327e180d-72a1-4002-97a1-df080a0cbc6f_s.png"
            },
            {
                "itemName": "Kepimo popierius(10 m x 29 cm), 10 m.",
                "itemId": "000000000000946226",
                "itemUrl": "https://barbora.lt/produktai/kepimo-popierius-10-m-x-29-cm-10-m",
                "categoryFullPath": "Namai ir laisvalaikis/Maisto ruo\u0161imo ir laikymo indai/Maisto gaminimo ir laikymo med\u017eiagos",
                "labelPrice": 1.3,
                "pricePerUnit": 0.13,
                "units": "vnt.",
                "packageAmount": 1.0,
                "description": null,
                "store": "Maxima",
                "availability": "active",
                "origin": null,
                "components": null,
                "image": "https://cdn.barbora.lt/products/b41d2656-fc37-4761-8a20-b3e13ee455fc_s.png"
            },
            {
                "itemName": "\u017durnalas. SAVAIT\u0116, 1 vnt.",
                "itemId": "000000000001207558",
                "itemUrl": "https://barbora.lt/produktai/zurnalas-savaite-1-vnt",
                "categoryFullPath": "Namai ir laisvalaikis/Laikra\u0161\u010diai, \u017eurnalai, knygos/\u017durnalai ir laikra\u0161\u010diai",
                "labelPrice": 0.69,
                "pricePerUnit": 0.69,
                "units": "vnt.",
                "packageAmount": 1.0,
                "description": null,
                "store": "Maxima",
                "availability": "active",
                "origin": null,
                "components": null,
                "image": "https://cdn.barbora.lt/products/52ca8b44-1732-4511-a43b-6a3f1f89eb39_s.png"
            },
            {
                "itemName": "Kop.popierius A4,80g/m\u00b2,500lp., 1 vnt.",
                "itemId": "000000000001170286",
                "itemUrl": "https://barbora.lt/produktai/kop-popierius-a-4-80-g-m-500-lp-1-vnt-70286",
                "categoryFullPath": "Namai ir laisvalaikis/Mokyklin\u0117s prek\u0117s /Popierius, popieriaus gaminiai",
                "labelPrice": 8.99,
                "pricePerUnit": 8.99,
                "units": "vnt.",
                "packageAmount": 1.0,
                "description": null,
                "store": "Maxima",
                "availability": "active",
                "origin": null,
                "components": null,
                "image": "https://cdn.barbora.lt/products/70e32e24-188e-476f-adc2-7bb2e0092010_s.png"
            },
            {
                "itemName": "Elementai PANASONIC AA,LR6EPS/8B,6+2, 8 vnt.",
                "itemId": "000000000000951530",
                "itemUrl": "https://barbora.lt/produktai/elementai-panasonic-aa-lr-6-eps-8-b-6-2-8-vnt",
                "categoryFullPath": "Namai ir laisvalaikis/Nam\u0173 apyvokos reikmenys/Galvaniniai elementai",
                "labelPrice": 3.99,
                "pricePerUnit": 0.5,
                "units": "vnt.",
                "packageAmount": 1.0,
                "description": null,
                "store": "Maxima",
                "availability": "active",
                "origin": null,
                "components": null,
                "image": "https://cdn.barbora.lt/products/ecd7d84f-b9c3-429f-9a9c-588f571ae51d_s.png"
            },
            {
                "itemName": "Kepimo popierius, 20 vnt., 38x42 cm, 20 vnt.",
                "itemId": "000000000001130179",
                "itemUrl": "https://barbora.lt/produktai/kepimo-popierius-20-vnt-38-x-42-cm-20-vnt",
                "categoryFullPath": "Namai ir laisvalaikis/Maisto ruo\u0161imo ir laikymo indai/Maisto gaminimo ir laikymo med\u017eiagos",
                "labelPrice": 1.59,
                "pricePerUnit": 0.08,
                "units": "vnt.",
                "packageAmount": 1.0,
                "description": null,
                "store": "Maxima",
                "availability": "active",
                "origin": null,
                "components": null,
                "image": "https://cdn.barbora.lt/products/aefb1c21-01b0-40ad-833c-2b81c74733e0_s.png"
            },
            {
                "itemName": "Dvipusis spalvotas popierius(A4,16l., 1 vnt.",
                "itemId": "000000000001100861",
                "itemUrl": "https://barbora.lt/produktai/dvipusis-spalvotas-popierius-a-4-16-l-1-vnt",
                "categoryFullPath": "Namai ir laisvalaikis/Mokyklin\u0117s prek\u0117s /Popierius, popieriaus gaminiai",
                "labelPrice": 1.39,
                "pricePerUnit": 1.39,
                "units": "vnt.",
                "packageAmount": 1.0,
                "description": null,
                "store": "Maxima",
                "availability": "active",
                "origin": null,
                "components": null,
                "image": "https://cdn.barbora.lt/products/c3df63fb-d269-4fa2-bd12-e19eb1defcff_s.png"
            },
            {
                "itemName": "Elementai PANASONIC AAA,LR03EPS/8B,6+2, 8 vnt.",
                "itemId": "000000000000951529",
                "itemUrl": "https://barbora.lt/produktai/elementai-panasonic-aaa-lr-03-eps-8-b-6-2-8-vnt",
                "categoryFullPath": "Namai ir laisvalaikis/Nam\u0173 apyvokos reikmenys/Galvaniniai elementai",
                "labelPrice": 3.99,
                "pricePerUnit": 0.5,
                "units": "vnt.",
                "packageAmount": 1.0,
                "description": null,
                "store": "Maxima",
                "availability": "active",
                "origin": null,
                "components": null,
                "image": "https://cdn.barbora.lt/products/063330f9-e795-418e-8af9-a36ad21d022b_s.png"
            },
            {
                "itemName": "Fasavimo mai\u0161eliai LET'S COOK (18 x 4 x 35 cm), 1 vnt.",
                "itemId": "000000000000720883",
                "itemUrl": "https://barbora.lt/produktai/fasavimo-maiseliai-let-s-cook-18-x-4-x-35-cm-1-vnt",
                "categoryFullPath": "Namai ir laisvalaikis/Maisto ruo\u0161imo ir laikymo indai/Maisto gaminimo ir laikymo med\u017eiagos",
                "labelPrice": 1.19,
                "pricePerUnit": 1.19,
                "units": "vnt.",
                "packageAmount": 1.0,
                "description": null,
                "store": "Maxima",
                "availability": "active",
                "origin": null,
                "components": null,
                "image": "https://cdn.barbora.lt/products/b8898676-ba24-46cd-94ed-8b9408f4b68e_s.png"
            },
            {
                "itemName": "Vandens filtravimo kaset\u0117 BRITA MAXTRA+ (1 vnt.), 1 vnt.",
                "itemId": "000000000001151136",
                "itemUrl": "https://barbora.lt/produktai/vandens-filtravimo-kasete-brita-maxtra-1-vnt-1-vnt",
                "categoryFullPath": "Namai ir laisvalaikis/Virtuv\u0117s ir stalo serviravimo reikmenys/Vandens filtrai ir j\u0173 priedai",
                "labelPrice": 6.99,
                "pricePerUnit": 6.99,
                "units": "vnt.",
                "packageAmount": 1.0,
                "description": null,
                "store": "Maxima",
                "availability": "active",
                "origin": null,
                "components": null,
                "image": "https://cdn.barbora.lt/products/81b43151-843d-46e2-888c-9a07634ae492_s.png"
            },
            {
                "itemName": "Aliuminin\u0117 folija (10 m x 29 cm), 10 m.",
                "itemId": "000000000000839818",
                "itemUrl": "https://barbora.lt/produktai/aliuminine-folija-10-m-x-29-cm-10-m",
                "categoryFullPath": "Namai ir laisvalaikis/Maisto ruo\u0161imo ir laikymo indai/Maisto gaminimo ir laikymo med\u017eiagos",
                "labelPrice": 1.29,
                "pricePerUnit": 0.13,
                "units": "vnt.",
                "packageAmount": 1.0,
                "description": null,
                "store": "Maxima",
                "availability": "active",
                "origin": null,
                "components": null,
                "image": "https://cdn.barbora.lt/products/39b88d54-ed8c-4a3a-9894-08b0c627f109_s.png"
            },
            {
                "itemName": "Tapybos s\u0105siuvinis GRAFIA(A4,20l.190gsm., 1 vnt.",
                "itemId": "000000000001144179",
                "itemUrl": "https://barbora.lt/produktai/tapybos-sasiuvinis-grafia-a-4-20-l-190-gsm-1-vnt",
                "categoryFullPath": "Namai ir laisvalaikis/Mokyklin\u0117s prek\u0117s /Popierius, popieriaus gaminiai",
                "labelPrice": 2.19,
                "pricePerUnit": 2.19,
                "units": "vnt.",
                "packageAmount": 1.0,
                "description": null,
                "store": "Maxima",
                "availability": "active",
                "origin": null,
                "components": null,
                "image": "https://cdn.barbora.lt/products/0c1f464e-beb3-424c-a5f3-7faf578e447e_s.png"
            },
            {
                "itemName": "Maistin\u0117 pl\u0117vel\u0117, 30 m, 30 m.",
                "itemId": "000000000000915381",
                "itemUrl": "https://barbora.lt/produktai/maistine-plevele-30-m-30-m",
                "categoryFullPath": "Namai ir laisvalaikis/Maisto ruo\u0161imo ir laikymo indai/Maisto gaminimo ir laikymo med\u017eiagos",
                "labelPrice": 0.87,
                "pricePerUnit": 0.03,
                "units": "vnt.",
                "packageAmount": 1.0,
                "description": null,
                "store": "Maxima",
                "availability": "active",
                "origin": null,
                "components": null,
                "image": "https://cdn.barbora.lt/products/e77b1f1a-5a9d-4d87-b512-e9badaa26c41_s.png"
            },
            {
                "itemName": "Kepimo popierius (6 m x 29 cm), 6 m.",
                "itemId": "000000000000839819",
                "itemUrl": "https://barbora.lt/produktai/kepimo-popierius-6-m-x-29-cm-6-m",
                "categoryFullPath": "Namai ir laisvalaikis/Maisto ruo\u0161imo ir laikymo indai/Maisto gaminimo ir laikymo med\u017eiagos",
                "labelPrice": 0.79,
                "pricePerUnit": 0.13,
                "units": "vnt.",
                "packageAmount": 1.0,
                "description": null,
                "store": "Maxima",
                "availability": "active",
                "origin": null,
                "components": null,
                "image": "https://cdn.barbora.lt/products/3265fb45-b53d-4620-9b02-e48149f5f30c_s.png"
            },
            {
                "itemName": "\u0160aldymo mai\u0161eliai (1 L, 15 vnt.), 15 vnt.",
                "itemId": "000000000001006497",
                "itemUrl": "https://barbora.lt/produktai/saldymo-maiseliai-1-l-15-vnt-15-vnt",
                "categoryFullPath": "Namai ir laisvalaikis/Maisto ruo\u0161imo ir laikymo indai/Maisto gaminimo ir laikymo med\u017eiagos",
                "labelPrice": 1.79,
                "pricePerUnit": 0.12,
                "units": "vnt.",
                "packageAmount": 1.0,
                "description": null,
                "store": "Maxima",
                "availability": "active",
                "origin": null,
                "components": null,
                "image": "https://cdn.barbora.lt/products/0693f47a-d95e-4c19-8143-1ca6d8c552fb_s.png"
            },
            {
                "itemName": "Klijai (40 ml, PVA), 40 ml",
                "itemId": "000000000000939079",
                "itemUrl": "https://barbora.lt/produktai/klijai-40-ml-pva-40-ml",
                "categoryFullPath": "Namai ir laisvalaikis/Mokyklin\u0117s prek\u0117s /Kitos kanceliarin\u0117s prek\u0117s",
                "labelPrice": 0.35,
                "pricePerUnit": 8.75,
                "units": "l",
                "packageAmount": 1.0,
                "description": null,
                "store": "Maxima",
                "availability": "active",
                "origin": null,
                "components": null,
                "image": "https://cdn.barbora.lt/products/ed263562-2340-4320-8a95-fa9e74e113fa_s.png"
            },
            {
                "itemName": "Lipni\u0173 juost. rink.2vnt, 1 vnt.",
                "itemId": "000000000001142908",
                "itemUrl": "https://barbora.lt/produktai/lipniu-juost-rink-2-vnt-1-vnt",
                "categoryFullPath": "Namai ir laisvalaikis/Mokyklin\u0117s prek\u0117s /Kitos kanceliarin\u0117s prek\u0117s",
                "labelPrice": 0.69,
                "pricePerUnit": 0.69,
                "units": "vnt.",
                "packageAmount": 1.0,
                "description": null,
                "store": "Maxima",
                "availability": "active",
                "origin": null,
                "components": null,
                "image": "https://cdn.barbora.lt/products/006ade20-beec-4dd3-9848-54379f76abd4_s.png"
            },
            {
                "itemName": "Flomasteriai BIC KIDS (18 sp.), 1 vnt.",
                "itemId": "000000000000905619",
                "itemUrl": "https://barbora.lt/produktai/flomasteriai-bic-kids-18-sp-1-vnt",
                "categoryFullPath": "Namai ir laisvalaikis/Mokyklin\u0117s prek\u0117s /Pie\u0161imo, ra\u0161ymo ir lipdymo priemon\u0117s",
                "labelPrice": 6.39,
                "pricePerUnit": 6.39,
                "units": "vnt.",
                "packageAmount": 1.0,
                "description": null,
                "store": "Maxima",
                "availability": "active",
                "origin": null,
                "components": null,
                "image": "https://cdn.barbora.lt/products/382b2e74-847c-424d-9192-3db2cec98d46_s.png"
            },
            {
                "itemName": "U\u017espaud\u017eiami \u0161aldymo mai\u0161eliai LET'S COOK (1l, 40 vnt.), 40 vnt.",
                "itemId": "000000000001142226",
                "itemUrl": "https://barbora.lt/produktai/uzspaudziami-saldymo-maiseliai-let-s-cook-1-l-40-vnt-40-vnt",
                "categoryFullPath": "Namai ir laisvalaikis/Maisto ruo\u0161imo ir laikymo indai/Maisto gaminimo ir laikymo med\u017eiagos",
                "labelPrice": 1.69,
                "pricePerUnit": 0.04,
                "units": "vnt.",
                "packageAmount": 1.0,
                "description": null,
                "store": "Maxima",
                "availability": "active",
                "origin": null,
                "components": null,
                "image": "https://cdn.barbora.lt/products/da94edb2-cb54-4d77-a854-51984ff492c9_s.png"
            },
            {
                "itemName": "Baltos spalvos servet\u0117l\u0117sELEMENTS SENSE(24 x 24 cm), 75 vnt.",
                "itemId": "000000000000477083",
                "itemUrl": "https://barbora.lt/produktai/baltos-spalvos-serveteleselements-sense-24-x-24-cm-75-vnt",
                "categoryFullPath": "Namai ir laisvalaikis/Virtuv\u0117s ir stalo serviravimo reikmenys/Popierin\u0117s servet\u0117l\u0117s",
                "labelPrice": 0.59,
                "pricePerUnit": 0.01,
                "units": "vnt.",
                "packageAmount": 1.0,
                "description": null,
                "store": "Maxima",
                "availability": "active",
                "origin": null,
                "components": null,
                "image": "https://cdn.barbora.lt/products/9bc6c4a0-bff1-4431-b054-a2135661d3bf_s.png"
            },
            {
                "itemName": "Plastikinis dokument\u0173 segtuv\u0117lis, A4, 1 vnt.",
                "itemId": "000000000001030352",
                "itemUrl": "https://barbora.lt/produktai/plastikinis-dokumentu-segtuvelis-a-4-1-vnt",
                "categoryFullPath": "Namai ir laisvalaikis/Mokyklin\u0117s prek\u0117s /Kitos kanceliarin\u0117s prek\u0117s",
                "labelPrice": 0.35,
                "pricePerUnit": 0.35,
                "units": "vnt.",
                "packageAmount": 1.0,
                "description": null,
                "store": "Maxima",
                "availability": "active",
                "origin": null,
                "components": null,
                "image": "https://cdn.barbora.lt/products/3ecd9d49-2626-421b-9d55-4b6b31320411_s.png"
            },
            {
                "itemName": "Pie\u0161tukiniai klijai (21 g), 21 g",
                "itemId": "000000000000939077",
                "itemUrl": "https://barbora.lt/produktai/piestukiniai-klijai-21-g-21-g",
                "categoryFullPath": "Namai ir laisvalaikis/Mokyklin\u0117s prek\u0117s /Kitos kanceliarin\u0117s prek\u0117s",
                "labelPrice": 0.39,
                "pricePerUnit": 18.57,
                "units": "kg",
                "packageAmount": 1.0,
                "description": null,
                "store": "Maxima",
                "availability": "active",
                "origin": null,
                "components": null,
                "image": "https://cdn.barbora.lt/products/aa826ef1-596e-4600-a91c-ecf0f19d9548_s.png"
            },
            {
                "itemName": "PERK\u016aNO degtukai (1 d\u0117\u017eut\u0117), 1 vnt.",
                "itemId": "000000000000187617",
                "itemUrl": "https://barbora.lt/produktai/perkuno-degtukai-1-dezute-1-vnt",
                "categoryFullPath": "Namai ir laisvalaikis/Laisvalaikio prek\u0117s/Pridegimo priemon\u0117s",
                "labelPrice": 0.14,
                "pricePerUnit": 0.14,
                "units": "vnt.",
                "packageAmount": 1.0,
                "description": null,
                "store": "Maxima",
                "availability": "active",
                "origin": null,
                "components": null,
                "image": "https://cdn.barbora.lt/products/e6faf856-72b6-4fa6-856a-7f797b64bc31_s.png"
            },
            {
                "itemName": "Aliuminin\u0117 folija (20 m x 29 cm), 20 m.",
                "itemId": "000000000000946229",
                "itemUrl": "https://barbora.lt/produktai/aliuminine-folija-20-m-x-29-cm-20-m",
                "categoryFullPath": "Namai ir laisvalaikis/Maisto ruo\u0161imo ir laikymo indai/Maisto gaminimo ir laikymo med\u017eiagos",
                "labelPrice": 2.29,
                "pricePerUnit": 0.11,
                "units": "vnt.",
                "packageAmount": 1.0,
                "description": null,
                "store": "Maxima",
                "availability": "active",
                "origin": null,
                "components": null,
                "image": "https://cdn.barbora.lt/products/32d517b4-1b8b-4020-b84b-9d948e33931c_s.png"
            },
            {
                "itemName": "Plastikinis aplankas - vokelis, u\u017esegamas, A4, 1 vnt.",
                "itemId": "000000000001030356",
                "itemUrl": "https://barbora.lt/produktai/plastikinis-aplankas-vokelis-uzsegamas-a-4-1-vnt",
                "categoryFullPath": "Namai ir laisvalaikis/Mokyklin\u0117s prek\u0117s /Kitos kanceliarin\u0117s prek\u0117s",
                "labelPrice": 0.39,
                "pricePerUnit": 0.39,
                "units": "vnt.",
                "packageAmount": 1.0,
                "description": null,
                "store": "Maxima",
                "availability": "active",
                "origin": null,
                "components": null,
                "image": "https://cdn.barbora.lt/products/b2fd2228-5b4e-440a-9309-ec6cfe83fa55_s.png"
            },
            {
                "itemName": "Kepimo popierius (6 m x 38 cm), 6 m.",
                "itemId": "000000000000946227",
                "itemUrl": "https://barbora.lt/produktai/kepimo-popierius-6-m-x-38-cm-6-m",
                "categoryFullPath": "Namai ir laisvalaikis/Maisto ruo\u0161imo ir laikymo indai/Maisto gaminimo ir laikymo med\u017eiagos",
                "labelPrice": 1.29,
                "pricePerUnit": 0.22,
                "units": "vnt.",
                "packageAmount": 1.0,
                "description": null,
                "store": "Maxima",
                "availability": "active",
                "origin": null,
                "components": null,
                "image": "https://cdn.barbora.lt/products/ce1645d5-b15b-4817-8035-b6a28a67259c_s.png"
            },
            {
                "itemName": "Flomasteriai GRAFIA PLUS (12 vnt. / 24 spalvos), 1 vnt.",
                "itemId": "000000000000882525",
                "itemUrl": "https://barbora.lt/produktai/flomasteriai-grafia-plus-12-vnt-24-spalvos-1-vnt",
                "categoryFullPath": "Namai ir laisvalaikis/Mokyklin\u0117s prek\u0117s /Pie\u0161imo, ra\u0161ymo ir lipdymo priemon\u0117s",
                "labelPrice": 2.99,
                "pricePerUnit": 2.99,
                "units": "vnt.",
                "packageAmount": 1.0,
                "description": null,
                "store": "Maxima",
                "availability": "active",
                "origin": null,
                "components": null,
                "image": "https://cdn.barbora.lt/products/b872e204-cc19-41dd-a1d7-429792456ee6_s.png"
            },
            {
                "itemName": "Pakavimo juosta(48mmx50m), 50 m.",
                "itemId": "000000000000938499",
                "itemUrl": "https://barbora.lt/produktai/pakavimo-juosta-48-mmx-50-m-50-m",
                "categoryFullPath": "Namai ir laisvalaikis/Nam\u0173 apyvokos reikmenys/Darbo ir remonto priemon\u0117s",
                "labelPrice": 1.69,
                "pricePerUnit": 0.03,
                "units": "vnt.",
                "packageAmount": 1.0,
                "description": null,
                "store": "Maxima",
                "availability": "active",
                "origin": null,
                "components": null,
                "image": "https://cdn.barbora.lt/products/2ef32cf5-c377-421f-ad71-1842f0d362d1_s.png"
            },
            {
                "itemName": "Kepimo rankov\u0117 (3 m x 29 cm), 3 m.",
                "itemId": "000000000000946222",
                "itemUrl": "https://barbora.lt/produktai/kepimo-rankove-3-m-x-29-cm-3-m-46222",
                "categoryFullPath": "Namai ir laisvalaikis/Maisto ruo\u0161imo ir laikymo indai/Maisto gaminimo ir laikymo med\u017eiagos",
                "labelPrice": 0.58,
                "pricePerUnit": 0.19,
                "units": "vnt.",
                "packageAmount": 1.0,
                "description": null,
                "store": "Maxima",
                "availability": "active",
                "origin": null,
                "components": null,
                "image": "https://cdn.barbora.lt/products/9a0af7bf-9ad8-46d8-82aa-2ff5218fb6ba_s.png"
            },
            {
                "itemName": "Universalusis kompostas GARDEN GURU, 10 l",
                "itemId": "000000000001086939",
                "itemUrl": "https://barbora.lt/produktai/universalusis-kompostas-garden-guru-10-l",
                "categoryFullPath": "Namai ir laisvalaikis/Augalai ir j\u0173 prie\u017ei\u016bra/\u017dem\u0117s ir substratai",
                "labelPrice": 1.09,
                "pricePerUnit": 0.11,
                "units": "l",
                "packageAmount": 1.0,
                "description": null,
                "store": "Maxima",
                "availability": "active",
                "origin": null,
                "components": null,
                "image": "https://cdn.barbora.lt/products/c066acc7-b80c-413a-81ef-ad9f056e56e0_s.png"
            },
            {
                "itemName": "Konservavimo dangtelis LET'S COOK, 1 vnt.",
                "itemId": "000000000001257663",
                "itemUrl": "https://barbora.lt/produktai/konservavimo-dangtelis-let-s-cook-1-vnt-57663",
                "categoryFullPath": "Namai ir laisvalaikis/Maisto ruo\u0161imo ir laikymo indai/Maisto gaminimo ir laikymo med\u017eiagos",
                "labelPrice": 0.14,
                "pricePerUnit": 0.14,
                "units": "vnt.",
                "packageAmount": 1.0,
                "description": null,
                "store": "Maxima",
                "availability": "active",
                "origin": null,
                "components": null,
                "image": "https://cdn.barbora.lt/products/50e4c3fb-8b21-4ac1-a943-003bf5ff5e92_s.png"
            },
            {
                "itemName": "Blizgios \u012fmaut\u0117s (10 vnt., 0,05 mm, A4), 1 vnt.",
                "itemId": "000000000001030355",
                "itemUrl": "https://barbora.lt/produktai/blizgios-imautes-10-vnt-0-05-mm-a-4-1-vnt",
                "categoryFullPath": "Namai ir laisvalaikis/Mokyklin\u0117s prek\u0117s /Kitos kanceliarin\u0117s prek\u0117s",
                "labelPrice": 0.69,
                "pricePerUnit": 0.69,
                "units": "vnt.",
                "packageAmount": 1.0,
                "description": null,
                "store": "Maxima",
                "availability": "active",
                "origin": null,
                "components": null,
                "image": "https://cdn.barbora.lt/products/1b13562c-1569-425f-8566-6b0a267bb8ba_s.png"
            },
            {
                "itemName": "Ra\u0161alo kapsul\u0117s (100 vnt., m\u0117l., stiklinis ind.), 1 vnt.",
                "itemId": "000000000000260634",
                "itemUrl": "https://barbora.lt/produktai/rasalo-kapsules-100-vnt-mel-stiklinis-ind-1-vnt",
                "categoryFullPath": "Namai ir laisvalaikis/Mokyklin\u0117s prek\u0117s /Kitos kanceliarin\u0117s prek\u0117s",
                "labelPrice": 7.99,
                "pricePerUnit": 7.99,
                "units": "vnt.",
                "packageAmount": 1.0,
                "description": null,
                "store": "Maxima",
                "availability": "active",
                "origin": null,
                "components": null,
                "image": "https://cdn.barbora.lt/products/ff985174-1531-471f-acaa-3c2059b3d921_s.png"
            },
            {
                "itemName": "Plastilinas, 12 sp., 1 vnt.",
                "itemId": "000000000000556247",
                "itemUrl": "https://barbora.lt/produktai/plastilinas-12-sp-1-vnt",
                "categoryFullPath": "Namai ir laisvalaikis/Mokyklin\u0117s prek\u0117s /Pie\u0161imo, ra\u0161ymo ir lipdymo priemon\u0117s",
                "labelPrice": 2.19,
                "pricePerUnit": 2.19,
                "units": "vnt.",
                "packageAmount": 1.0,
                "description": null,
                "store": "Maxima",
                "availability": "active",
                "origin": null,
                "components": null,
                "image": "https://cdn.barbora.lt/products/952b63f8-1e1b-45b3-8662-21e766251753_s.png"
            },
            {
                "itemName": "Maisto pl\u0117vel\u0117  (50 m x 28 cm), 50 m.",
                "itemId": "000000000000946225",
                "itemUrl": "https://barbora.lt/produktai/maisto-plevele-50-m-x-28-cm-50-m",
                "categoryFullPath": "Namai ir laisvalaikis/Maisto ruo\u0161imo ir laikymo indai/Maisto gaminimo ir laikymo med\u017eiagos",
                "labelPrice": 1.49,
                "pricePerUnit": 0.03,
                "units": "vnt.",
                "packageAmount": 1.0,
                "description": null,
                "store": "Maxima",
                "availability": "active",
                "origin": null,
                "components": null,
                "image": "https://cdn.barbora.lt/products/ee63c3f9-8dcb-4a12-8f3f-f8b42a8e838a_s.png"
            },
            {
                "itemName": "U\u017espaud\u017eiami mai\u0161eliai (15 vnt., 18 x 25 cm), 15 vnt.",
                "itemId": "000000000000725472",
                "itemUrl": "https://barbora.lt/produktai/uzspaudziami-maiseliai-15-vnt-18-x-25-cm-15-vnt",
                "categoryFullPath": "Namai ir laisvalaikis/Maisto ruo\u0161imo ir laikymo indai/Maisto gaminimo ir laikymo med\u017eiagos",
                "labelPrice": 0.89,
                "pricePerUnit": 0.06,
                "units": "vnt.",
                "packageAmount": 1.0,
                "description": null,
                "store": "Maxima",
                "availability": "active",
                "origin": null,
                "components": null,
                "image": "https://cdn.barbora.lt/products/439951a1-2c20-4732-9bc9-db08fe653b57_s.png"
            },
            {
                "itemName": "Aplankalai su spalvotu reguliuojamu kra\u0161tu (A4, 10 vnt.), 1 vnt.",
                "itemId": "000000000001193976",
                "itemUrl": "https://barbora.lt/produktai/aplankalai-su-spalvotu-reguliuojamu-krastu-a-4-10-vnt-1-vnt",
                "categoryFullPath": "Namai ir laisvalaikis/Mokyklin\u0117s prek\u0117s /Kitos kanceliarin\u0117s prek\u0117s",
                "labelPrice": 4.29,
                "pricePerUnit": 4.29,
                "units": "vnt.",
                "packageAmount": 1.0,
                "description": null,
                "store": "Maxima",
                "availability": "active",
                "origin": null,
                "components": null,
                "image": "https://cdn.barbora.lt/products/19b617d6-49c1-40c6-8201-87d89ec09fdc_s.png"
            },
            {
                "itemName": "\u0160aldymo mai\u0161eliai 1L Uniwell, 1 vnt.",
                "itemId": "000000000001287533",
                "itemUrl": "https://barbora.lt/produktai/saldymo-maiseliai-1-l-uniwell-1-vnt",
                "categoryFullPath": "Namai ir laisvalaikis/Maisto ruo\u0161imo ir laikymo indai/Maisto gaminimo ir laikymo med\u017eiagos",
                "labelPrice": 1.49,
                "pricePerUnit": 1.49,
                "units": "vnt.",
                "packageAmount": 1.0,
                "description": null,
                "store": "Maxima",
                "availability": "active",
                "origin": null,
                "components": null,
                "image": "https://cdn.barbora.lt/products/41544f3b-c381-477a-8921-c236a0851bc6_s.png"
            },
            {
                "itemName": "Gelinis ra\u0161iklis m\u0117lynas, 1 vnt.",
                "itemId": "000000000000147027",
                "itemUrl": "https://barbora.lt/produktai/gelinis-rasiklis-melynas-1-vnt-47027",
                "categoryFullPath": "Namai ir laisvalaikis/Mokyklin\u0117s prek\u0117s /Pie\u0161imo, ra\u0161ymo ir lipdymo priemon\u0117s",
                "labelPrice": 0.39,
                "pricePerUnit": 0.39,
                "units": "vnt.",
                "packageAmount": 1.0,
                "description": null,
                "store": "Maxima",
                "availability": "active",
                "origin": null,
                "components": null,
                "image": "https://cdn.barbora.lt/products/f10acd4c-12ba-4003-bec9-ccffc89f2723_s.png"
            },
            {
                "itemName": "Trintukas X-POINT, 1 vnt.",
                "itemId": "000000000000837887",
                "itemUrl": "https://barbora.lt/produktai/trintukas-x-point-1-vnt",
                "categoryFullPath": "Namai ir laisvalaikis/Mokyklin\u0117s prek\u0117s /Kitos kanceliarin\u0117s prek\u0117s",
                "labelPrice": 0.19,
                "pricePerUnit": 0.19,
                "units": "vnt.",
                "packageAmount": 1.0,
                "description": null,
                "store": "Maxima",
                "availability": "active",
                "origin": null,
                "components": null,
                "image": "https://cdn.barbora.lt/products/34a1e127-d9d2-4251-abaa-194cf0106341_s.png"
            },
            {
                "itemName": "Lipn\u016bs kvadrat\u0117liai HENKEL (35 g / 55 gabal.), 35 g",
                "itemId": "000000000000260042",
                "itemUrl": "https://barbora.lt/produktai/lipnus-kvadrateliai-henkel-35-g-55-gabal-35-g",
                "categoryFullPath": "Namai ir laisvalaikis/Mokyklin\u0117s prek\u0117s /Kitos kanceliarin\u0117s prek\u0117s",
                "labelPrice": 2.99,
                "pricePerUnit": 85.43,
                "units": "kg",
                "packageAmount": 1.0,
                "description": null,
                "store": "Maxima",
                "availability": "active",
                "origin": null,
                "components": null,
                "image": "https://cdn.barbora.lt/products/326e5e87-5573-4c20-bb95-a9f55a963ded_s.png"
            },
            {
                "itemName": "Mokyklinis s\u0105siuvinis (12 lap\u0173, B5, linijomis), 1 vnt.",
                "itemId": "000000000000659156",
                "itemUrl": "https://barbora.lt/produktai/mokyklinis-sasiuvinis-12-lapu-b-5-linijomis-1-vnt",
                "categoryFullPath": "Namai ir laisvalaikis/Mokyklin\u0117s prek\u0117s /Popierius, popieriaus gaminiai",
                "labelPrice": 0.25,
                "pricePerUnit": 0.25,
                "units": "vnt.",
                "packageAmount": 1.0,
                "description": null,
                "store": "Maxima",
                "availability": "active",
                "origin": null,
                "components": null,
                "image": "https://cdn.barbora.lt/products/f5196bff-70cd-49e4-bcb5-0f773c11d41b_s.png"
            },
            {
                "itemName": "Lipnieji u\u017era\u0161\u0173 lapeliai X-POINT (100 l., 50x76 cm), 1 vnt.",
                "itemId": "000000000000888263",
                "itemUrl": "https://barbora.lt/produktai/lipnieji-uzrasu-lapeliai-x-point-100-l-50-x-76-cm-1-vnt",
                "categoryFullPath": "Namai ir laisvalaikis/Mokyklin\u0117s prek\u0117s /Kitos kanceliarin\u0117s prek\u0117s",
                "labelPrice": 0.49,
                "pricePerUnit": 0.49,
                "units": "vnt.",
                "packageAmount": 1.0,
                "description": null,
                "store": "Maxima",
                "availability": "active",
                "origin": null,
                "components": null,
                "image": "https://cdn.barbora.lt/products/ff9ce9d0-582f-453b-a0a5-0b535e079a9a_s.png"
            },
            {
                "itemName": "Skaidri lipnioji juosta FUTON (45 mm x 50 m), 50 m.",
                "itemId": "000000000000885193",
                "itemUrl": "https://barbora.lt/produktai/skaidri-lipnioji-juosta-futon-45-mm-x-50-m-50-m",
                "categoryFullPath": "Namai ir laisvalaikis/Nam\u0173 apyvokos reikmenys/Darbo ir remonto priemon\u0117s",
                "labelPrice": 1.29,
                "pricePerUnit": 0.03,
                "units": "vnt.",
                "packageAmount": 1.0,
                "description": null,
                "store": "Maxima",
                "availability": "active",
                "origin": null,
                "components": null,
                "image": "https://cdn.barbora.lt/products/fc4b2ee2-b7fc-41d0-9479-d0a42fffaf1f_s.png"
            }
        ]
    },
    {
        "category": "\r\n                        G\u0117rimai\r\n                    ",
        "categoryUrl": "https://barbora.lt/gerimai",
        "responseUrl": "https://barbora.lt/",
        "items": [
            {
                "itemName": "\u0160viesusis alus PILSNER URQUELL (4,4%), 500 ml",
                "itemId": "00000000000BR07400",
                "itemUrl": "https://barbora.lt/produktai/sviesusis-alus-pilsner-urquell-4-4-proc-500-ml",
                "categoryFullPath": "G\u0117rimai/Alus/\u0160viesusis alus",
                "labelPrice": 1.39,
                "pricePerUnit": 2.78,
                "units": "l",
                "packageAmount": 1.0,
                "description": null,
                "store": "Maxima",
                "availability": "active",
                "origin": null,
                "components": null,
                "image": "https://cdn.barbora.lt/products/ec7cc4aa-1f34-4dba-bdf8-7a041d61cdc7_s.png"
            },
            {
                "itemName": "Kriau\u0161i\u0173 skonio sidras SOMERSBY PEAR CIDER (4,5%), 330 ml",
                "itemId": "000000000000888611",
                "itemUrl": "https://barbora.lt/produktai/kriausiu-skonio-sidras-somersby-pear-cider-4-5-proc-330-ml",
                "categoryFullPath": "G\u0117rimai/Sidras ir kokteiliai/Sidras",
                "labelPrice": 1.55,
                "pricePerUnit": 4.7,
                "units": "l",
                "packageAmount": 1.0,
                "description": null,
                "store": "Maxima",
                "availability": "active",
                "origin": null,
                "components": null,
                "image": "https://cdn.barbora.lt/products/5475d29c-3b9b-4379-aae1-1ba8cc6eae2a_s.png"
            },
            {
                "itemName": "Spiritinis g\u0117rimas CAPTAIN MORGAN ORIGINAL SPICED GOLD (35%), 700 ml",
                "itemId": "000000000000037176",
                "itemUrl": "https://barbora.lt/produktai/spiritinis-gerimas-captain-morgan-original-spiced-gold-35-proc-700-ml",
                "categoryFullPath": "G\u0117rimai/Stiprieji alkoholiniai g\u0117rimai/Romas",
                "labelPrice": 14.99,
                "pricePerUnit": 21.41,
                "units": "l",
                "packageAmount": 1.0,
                "description": null,
                "store": "Maxima",
                "availability": "active",
                "origin": null,
                "components": null,
                "image": "https://cdn.barbora.lt/products/8905bec6-f5ba-47c0-90cd-ea8c18c5ef18_s.png"
            },
            {
                "itemName": "Konjakas HENNESSY VSOP (40%, d\u0117\u017eut\u0117je), 700 ml",
                "itemId": "00000000000BR05956",
                "itemUrl": "https://barbora.lt/produktai/konjakas-hennessy-vsop-40-proc-dezuteje-700-ml-br05956",
                "categoryFullPath": "G\u0117rimai/Stiprieji alkoholiniai g\u0117rimai/Konjakas",
                "labelPrice": 52.99,
                "pricePerUnit": 75.7,
                "units": "l",
                "packageAmount": 1.0,
                "description": null,
                "store": "Maxima",
                "availability": "active",
                "origin": null,
                "components": null,
                "image": "https://cdn.barbora.lt/products/b01b5cbb-ff62-4145-a545-9546e6c4969e_s.png"
            },
            {
                "itemName": "\u0160viesusis alus CARLSBERG (5%, 6 vnt. x 500 ml), 3 l skard.",
                "itemId": "00000000000BR07326",
                "itemUrl": "https://barbora.lt/produktai/sviesusis-alus-carlsberg-5-proc-6-vnt-x-500-ml-3-l-skard",
                "categoryFullPath": "G\u0117rimai/Alus/Alaus pakuot\u0117s",
                "labelPrice": 7.29,
                "pricePerUnit": 2.43,
                "units": "l",
                "packageAmount": 1.0,
                "description": null,
                "store": "Maxima",
                "availability": "active",
                "origin": null,
                "components": null,
                "image": "https://cdn.barbora.lt/products/139766af-ea35-4d00-b35b-ad890cf3b928_s.png"
            },
            {
                "itemName": "Sidras SOMERSBY MANGO&LIME (4,5 %), 500 ml",
                "itemId": "00000000000BR07719",
                "itemUrl": "https://barbora.lt/produktai/sidras-somersby-mango-lime-4-5-proc-500-ml",
                "categoryFullPath": "G\u0117rimai/Sidras ir kokteiliai/Sidras",
                "labelPrice": 2.09,
                "pricePerUnit": 4.18,
                "units": "l",
                "packageAmount": 1.0,
                "description": null,
                "store": "Maxima",
                "availability": "active",
                "origin": null,
                "components": null,
                "image": "https://cdn.barbora.lt/products/65efd501-60bf-4bd6-b5d8-93908b7e9058_s.png"
            },
            {
                "itemName": "UTENOS nealkoholinis alaus kokteilis RADLER GRAPEFRUIT (0,5%), 500 ml",
                "itemId": "00000000000BR00632",
                "itemUrl": "https://barbora.lt/produktai/utenos-nealkoholinis-alaus-kokteilis-radler-grapefruit-0-5-proc-500-ml",
                "categoryFullPath": "G\u0117rimai/Nealkoholiniai g\u0117rimai/Nealkoholinis alus",
                "labelPrice": 0.99,
                "pricePerUnit": 1.98,
                "units": "l",
                "packageAmount": 1.0,
                "description": null,
                "store": "Maxima",
                "availability": "active",
                "origin": null,
                "components": null,
                "image": "https://cdn.barbora.lt/products/e7b00c8e-f857-4431-853b-dcd6f512b38a_s.png"
            },
            {
                "itemName": "\u0160viesusis alus CARLSBERG (5%, 4 vnt. x 500 ml), 2 l skard.",
                "itemId": "00000000000BR00150",
                "itemUrl": "https://barbora.lt/produktai/sviesusis-alus-carlsberg-5-proc-4-vnt-x-500-ml-2-l-skard",
                "categoryFullPath": "G\u0117rimai/Alus/Alaus pakuot\u0117s",
                "labelPrice": 4.89,
                "pricePerUnit": 2.45,
                "units": "l",
                "packageAmount": 1.0,
                "description": null,
                "store": "Maxima",
                "availability": "active",
                "origin": null,
                "components": null,
                "image": "https://cdn.barbora.lt/products/ec0c1b4d-fa36-4f12-bfb9-85ce9f0f5a02_s.png"
            },
            {
                "itemName": "UTENOS nealkoholinis alaus kokteilis RADLER citrin\u0173 ir avie\u010di\u0173 sk. (0,5%), 500 ml",
                "itemId": "00000000000BR00884",
                "itemUrl": "https://barbora.lt/produktai/utenos-nealkoholinis-alaus-kokteilis-radler-citrinu-ir-avieciu-sk-0-5-proc-500-ml",
                "categoryFullPath": "G\u0117rimai/Nealkoholiniai g\u0117rimai/Nealkoholinis alus",
                "labelPrice": 0.79,
                "pricePerUnit": 1.58,
                "units": "l",
                "packageAmount": 1.0,
                "description": null,
                "store": "Maxima",
                "availability": "active",
                "origin": null,
                "components": null,
                "image": "https://cdn.barbora.lt/products/4f59fd8b-beed-4588-9546-81b0a8b71ea6_s.png"
            },
            {
                "itemName": "\u0160viesusis alus CARLSBERG (5%), 568 ml skard.",
                "itemId": "00000000000BR07465",
                "itemUrl": "https://barbora.lt/produktai/sviesusis-alus-carlsberg-5-proc-568-ml-skard",
                "categoryFullPath": "G\u0117rimai/Alus/\u0160viesusis alus",
                "labelPrice": 1.39,
                "pricePerUnit": 2.45,
                "units": "l",
                "packageAmount": 1.0,
                "description": null,
                "store": "Maxima",
                "availability": "active",
                "origin": null,
                "components": null,
                "image": "https://cdn.barbora.lt/products/8eadddde-63e3-4f4a-813f-da28c0a83ec9_s.png"
            },
            {
                "itemName": "UTENOS nealkoholinis alaus kokteilis RADLER MANGO (0,5%), 500 ml",
                "itemId": "00000000000BR07378",
                "itemUrl": "https://barbora.lt/produktai/utenos-nealkoholinis-alaus-kokteilis-radler-mango-0-5-proc-500-ml",
                "categoryFullPath": "G\u0117rimai/Nealkoholiniai g\u0117rimai/Nealkoholinis alus",
                "labelPrice": 0.99,
                "pricePerUnit": 1.98,
                "units": "l",
                "packageAmount": 1.0,
                "description": null,
                "store": "Maxima",
                "availability": "active",
                "origin": null,
                "components": null,
                "image": "https://cdn.barbora.lt/products/ebe9c8b1-87ad-47f0-a666-a968de26809b_s.png"
            },
            {
                "itemName": "\u0160viesusis alus CARLSBERG (5%, 4 vnt. x 500 ml), 2 l but.",
                "itemId": "000000000000149323",
                "itemUrl": "https://barbora.lt/produktai/sviesusis-alus-carlsberg-5-proc-4-vnt-x-500-ml-2-l-but",
                "categoryFullPath": "G\u0117rimai/Alus/Alaus pakuot\u0117s",
                "labelPrice": 5.55,
                "pricePerUnit": 2.78,
                "units": "l",
                "packageAmount": 1.0,
                "description": null,
                "store": "Maxima",
                "availability": "active",
                "origin": null,
                "components": null,
                "image": "https://cdn.barbora.lt/products/65585405-6662-44ed-965b-3f307d6ccd2a_s.png"
            },
            {
                "itemName": "Nealkoholinis UTENOS \u0161viesusis alus LAGER BEER (0,5%), 500 ml",
                "itemId": "00000000000BR05521",
                "itemUrl": "https://barbora.lt/produktai/nealkoholinis-utenos-sviesusis-alus-lager-beer-0-5-proc-500-ml",
                "categoryFullPath": "G\u0117rimai/Nealkoholiniai g\u0117rimai/Nealkoholinis alus",
                "labelPrice": 0.89,
                "pricePerUnit": 1.78,
                "units": "l",
                "packageAmount": 1.0,
                "description": null,
                "store": "Maxima",
                "availability": "active",
                "origin": null,
                "components": null,
                "image": "https://cdn.barbora.lt/products/84a98d92-b83c-4f9e-ac1d-e1d8d4476311_s.png"
            },
            {
                "itemName": "\u0160viesusis alus CARLSBERG (5%), 500 ml but.",
                "itemId": "000000000000405511",
                "itemUrl": "https://barbora.lt/produktai/sviesusis-alus-carlsberg-5-proc-500-ml-but",
                "categoryFullPath": "G\u0117rimai/Alus/\u0160viesusis alus",
                "labelPrice": 1.39,
                "pricePerUnit": 2.78,
                "units": "l",
                "packageAmount": 1.0,
                "description": null,
                "store": "Maxima",
                "availability": "active",
                "origin": null,
                "components": null,
                "image": "https://cdn.barbora.lt/products/7a60e235-c95f-46dc-b7ac-ad374d18037a_s.png"
            },
            {
                "itemName": "Nealkoholinis kriau\u0161i\u0173 sidras SOMERSBY (0%), 500 ml",
                "itemId": "00000000000BR07328",
                "itemUrl": "https://barbora.lt/produktai/nealkoholinis-kriausiu-sidras-somersby-0-proc-500-ml",
                "categoryFullPath": "G\u0117rimai/Nealkoholiniai g\u0117rimai/Nealkoholinis sidras",
                "labelPrice": 1.49,
                "pricePerUnit": 2.98,
                "units": "l",
                "packageAmount": 1.0,
                "description": null,
                "store": "Maxima",
                "availability": "active",
                "origin": null,
                "components": null,
                "image": "https://cdn.barbora.lt/products/9881895c-fc5d-4cc2-ba87-a9f7778a6888_s.png"
            },
            {
                "itemName": "\u0160viesusis alus \u0160VYTURYS EKSTRA (5,2%, 6 vnt. x 500 ml), 3 l",
                "itemId": "00000000000BR00738",
                "itemUrl": "https://barbora.lt/produktai/sviesusis-alus-svyturys-ekstra-5-2-proc-6-vnt-x-500-ml-3-l",
                "categoryFullPath": "G\u0117rimai/Alus/Alaus pakuot\u0117s",
                "labelPrice": 6.99,
                "pricePerUnit": 2.33,
                "units": "l",
                "packageAmount": 1.0,
                "description": null,
                "store": "Maxima",
                "availability": "active",
                "origin": null,
                "components": null,
                "image": "https://cdn.barbora.lt/products/753a77f8-91ee-465b-b665-2acc67ae17e1_s.png"
            },
            {
                "itemName": "\u0160viesusis alus \u0160VYTURYS EKSTRA (5,2%, 4 vnt. x 568 ml), 2,27 l",
                "itemId": "00000000000BR00145",
                "itemUrl": "https://barbora.lt/produktai/sviesusis-alus-svyturys-ekstra-5-2-proc-4-vnt-x-568-ml-2-27-l",
                "categoryFullPath": "G\u0117rimai/Alus/Alaus pakuot\u0117s",
                "labelPrice": 5.39,
                "pricePerUnit": 2.37,
                "units": "l",
                "packageAmount": 1.0,
                "description": null,
                "store": "Maxima",
                "availability": "active",
                "origin": null,
                "components": null,
                "image": "https://cdn.barbora.lt/products/4bef8ef8-c430-46a4-993b-7ca441df4e10_s.png"
            },
            {
                "itemName": "\u0160viesusis alus \u0160VYTURYS EKSTRA (5,2%), 568 ml",
                "itemId": "00000000000BR00139",
                "itemUrl": "https://barbora.lt/produktai/sviesusis-alus-svyturys-ekstra-5-2-proc-568-ml-br00139",
                "categoryFullPath": "G\u0117rimai/Alus/\u0160viesusis alus",
                "labelPrice": 1.35,
                "pricePerUnit": 2.38,
                "units": "l",
                "packageAmount": 1.0,
                "description": null,
                "store": "Maxima",
                "availability": "active",
                "origin": null,
                "components": null,
                "image": "https://cdn.barbora.lt/products/a849192c-5ce4-41b4-a53d-7c0f53c9d315_s.png"
            },
            {
                "itemName": "\u0160viesusis alus \u0160VYTURYS EKSTRA (5,2%, 4 vnt. x 500 ml), 2 l",
                "itemId": "000000000000836662",
                "itemUrl": "https://barbora.lt/produktai/sviesusis-alus-svyturys-ekstra-5-2-proc-4-vnt-x-500-ml-2-l",
                "categoryFullPath": "G\u0117rimai/Alus/Alaus pakuot\u0117s",
                "labelPrice": 5.15,
                "pricePerUnit": 2.58,
                "units": "l",
                "packageAmount": 1.0,
                "description": null,
                "store": "Maxima",
                "availability": "active",
                "origin": null,
                "components": null,
                "image": "https://cdn.barbora.lt/products/4ef02417-63fa-4ee4-a5e8-fef5b4f5c3f4_s.png"
            },
            {
                "itemName": "Viskis ABERLOUR 12 Y.O. (40%, d\u0117\u017eut\u0117je), 700 ml",
                "itemId": "000000000000971452",
                "itemUrl": "https://barbora.lt/produktai/viskis-aberlour-12-y-o-40-proc-dezuteje-700-ml",
                "categoryFullPath": "G\u0117rimai/Stiprieji alkoholiniai g\u0117rimai/Viskis",
                "labelPrice": 44.79,
                "pricePerUnit": 63.99,
                "units": "l",
                "packageAmount": 1.0,
                "description": null,
                "store": "Maxima",
                "availability": "active",
                "origin": null,
                "components": null,
                "image": "https://cdn.barbora.lt/products/64f0b83a-1204-42fb-8034-6ace30520c01_s.png"
            },
            {
                "itemName": "\u0160viesusis alus \u0160VYTURYS EKSTRA (5,2%), 500 ml",
                "itemId": "000000000000836371",
                "itemUrl": "https://barbora.lt/produktai/sviesusis-alus-svyturys-ekstra-5-2-proc-500-ml-836371",
                "categoryFullPath": "G\u0117rimai/Alus/\u0160viesusis alus",
                "labelPrice": 1.29,
                "pricePerUnit": 2.58,
                "units": "l",
                "packageAmount": 1.0,
                "description": null,
                "store": "Maxima",
                "availability": "active",
                "origin": null,
                "components": null,
                "image": "https://cdn.barbora.lt/products/480ed894-553c-4f0b-96d7-7a31e8c46960_s.png"
            },
            {
                "itemName": "\u0160viesusis alus \u0160VYTURYS EKSTRA DRAUGHT (5,2%, 6 vnt. x 500 ml), 3 l skard",
                "itemId": "00000000000BR07323",
                "itemUrl": "https://barbora.lt/produktai/sviesusis-alus-svyturys-ekstra-draught-5-2-proc-6-vnt-x-500-ml-3-l-skard",
                "categoryFullPath": "G\u0117rimai/Alus/Alaus pakuot\u0117s",
                "labelPrice": 8.29,
                "pricePerUnit": 2.76,
                "units": "l",
                "packageAmount": 1.0,
                "description": null,
                "store": "Maxima",
                "availability": "active",
                "origin": null,
                "components": null,
                "image": "https://cdn.barbora.lt/products/1dd1aafe-2dda-451a-9f13-acc8c5524381_s.png"
            },
            {
                "itemName": "\u0160VYTURIO \u0161viesusis alus EXTRA DRAUGHT (5,2%), 500 ml skard.",
                "itemId": "00000000000BR07322",
                "itemUrl": "https://barbora.lt/produktai/svyturio-sviesusis-alus-extra-draught-5-2-proc-500-ml-skard",
                "categoryFullPath": "G\u0117rimai/Alus/\u0160viesusis alus",
                "labelPrice": 1.39,
                "pricePerUnit": 2.78,
                "units": "l",
                "packageAmount": 1.0,
                "description": null,
                "store": "Maxima",
                "availability": "active",
                "origin": null,
                "components": null,
                "image": "https://cdn.barbora.lt/products/58e8a95c-ffc7-410f-8449-421e22693c84_s.png"
            },
            {
                "itemName": "\u0160viesusis alus \u0160VYTURYS EKSTRA DRAUGHT (5,2%, 6 vnt. x 500 ml), 3 l",
                "itemId": "000000000000460020",
                "itemUrl": "https://barbora.lt/produktai/sviesusis-alus-svyturys-ekstra-draught-5-2-proc-6-vnt-x-500-ml-3-l",
                "categoryFullPath": "G\u0117rimai/Alus/Alaus pakuot\u0117s",
                "labelPrice": 8.29,
                "pricePerUnit": 2.76,
                "units": "l",
                "packageAmount": 1.0,
                "description": null,
                "store": "Maxima",
                "availability": "active",
                "origin": null,
                "components": null,
                "image": "https://cdn.barbora.lt/products/4607d7c3-63df-4b48-8ec2-dfe316d75cdf_s.png"
            },
            {
                "itemName": "Kvietinis alus \u0160VYTURYS BALTAS (5%, 4 vnt. x 568 ml), 2,272 l skard.",
                "itemId": "00000000000BR06706",
                "itemUrl": "https://barbora.lt/produktai/kvietinis-alus-svyturys-baltas-5-proc-4-vnt-x-568-ml-2-272-l-skard",
                "categoryFullPath": "G\u0117rimai/Alus/Alaus pakuot\u0117s",
                "labelPrice": 5.55,
                "pricePerUnit": 2.44,
                "units": "l",
                "packageAmount": 1.0,
                "description": null,
                "store": "Maxima",
                "availability": "active",
                "origin": null,
                "components": null,
                "image": "https://cdn.barbora.lt/products/007ce520-3d21-477d-9ed9-1776788cfd47_s.png"
            },
            {
                "itemName": "Kvietinis alus \u0160VYTURYS BALTAS (5%), 568 ml skard.",
                "itemId": "00000000000BR00138",
                "itemUrl": "https://barbora.lt/produktai/kvietinis-alus-svyturys-baltas-5-proc-568-ml-skard",
                "categoryFullPath": "G\u0117rimai/Alus/Kvietinis alus",
                "labelPrice": 1.39,
                "pricePerUnit": 2.45,
                "units": "l",
                "packageAmount": 1.0,
                "description": null,
                "store": "Maxima",
                "availability": "active",
                "origin": null,
                "components": null,
                "image": "https://cdn.barbora.lt/products/b2876172-dc75-4e07-8dec-da0e2a1ef834_s.png"
            },
            {
                "itemName": "Kvietinis alus \u0160VYTURYS BALTAS (5%), 500 ml but.",
                "itemId": "000000000000655865",
                "itemUrl": "https://barbora.lt/produktai/kvietinis-alus-svyturys-baltas-5-proc-500-ml-but",
                "categoryFullPath": "G\u0117rimai/Alus/Kvietinis alus",
                "labelPrice": 1.39,
                "pricePerUnit": 2.78,
                "units": "l",
                "packageAmount": 1.0,
                "description": null,
                "store": "Maxima",
                "availability": "active",
                "origin": null,
                "components": null,
                "image": "https://cdn.barbora.lt/products/ba89ae49-9ff8-4bd5-a0a5-61fa36a05946_s.png"
            },
            {
                "itemName": "Tamsusis alus \u0160VYTURYS DARK LAGER (4,4%), 500 ml",
                "itemId": "00000000000BR07881",
                "itemUrl": "https://barbora.lt/produktai/tamsusis-alus-svyturys-dark-lager-4-4-proc-500-ml",
                "categoryFullPath": "G\u0117rimai/Alus/Tamsusis alus",
                "labelPrice": 1.35,
                "pricePerUnit": 2.7,
                "units": "l",
                "packageAmount": 1.0,
                "description": null,
                "store": "Maxima",
                "availability": "active",
                "origin": null,
                "components": null,
                "image": "https://cdn.barbora.lt/products/b1e473f3-ced9-4d36-a155-43b3b899f4b0_s.png"
            },
            {
                "itemName": "Kvietinis alus KRONENBOURG 1664 BLANC (5%), 500 ml",
                "itemId": "00000000000BR00120",
                "itemUrl": "https://barbora.lt/produktai/kvietinis-alus-kronenbourg-1664-blanc-5-proc-500-ml",
                "categoryFullPath": "G\u0117rimai/Alus/Kvietinis alus",
                "labelPrice": 1.59,
                "pricePerUnit": 3.18,
                "units": "l",
                "packageAmount": 1.0,
                "description": null,
                "store": "Maxima",
                "availability": "active",
                "origin": null,
                "components": null,
                "image": "https://cdn.barbora.lt/products/445c73d2-0db1-41d4-9e57-09955011b45b_s.png"
            },
            {
                "itemName": "\u0160viesusis alus TUBORG GREEN (4,6%, 6 vnt. x 500 ml), 3 l",
                "itemId": "00000000000BR05673",
                "itemUrl": "https://barbora.lt/produktai/sviesusis-alus-tuborg-green-4-6-proc-6-vnt-x-500-ml-3-l",
                "categoryFullPath": "G\u0117rimai/Alus/Alaus pakuot\u0117s",
                "labelPrice": 6.49,
                "pricePerUnit": 2.16,
                "units": "l",
                "packageAmount": 1.0,
                "description": null,
                "store": "Maxima",
                "availability": "active",
                "origin": null,
                "components": null,
                "image": "https://cdn.barbora.lt/products/fcb04361-e632-42a8-8f4f-7e55a61bc950_s.png"
            },
            {
                "itemName": "Tamsusis alus GRIMBERGEN DOUBLE AMBREE (6.5%), 500 ml",
                "itemId": "00000000000BR00523",
                "itemUrl": "https://barbora.lt/produktai/tamsusis-alus-grimbergen-double-ambree-6-5-proc-500-ml",
                "categoryFullPath": "G\u0117rimai/Alus/Tamsusis alus",
                "labelPrice": 1.79,
                "pricePerUnit": 3.58,
                "units": "l",
                "packageAmount": 1.0,
                "description": null,
                "store": "Maxima",
                "availability": "active",
                "origin": null,
                "components": null,
                "image": "https://cdn.barbora.lt/products/0514645d-ff1d-45d2-b062-073ee200c8d5_s.png"
            },
            {
                "itemName": "\u0160viesusis alus \u0160VYTURYS GINTARINIS (4,6%, 4 vnt. x 568 ml), 2,27 l",
                "itemId": "00000000000BR07376",
                "itemUrl": "https://barbora.lt/produktai/sviesusis-alus-svyturys-gintarinis-4-6-proc-4-vnt-x-568-ml-2-27-l",
                "categoryFullPath": "G\u0117rimai/Alus/Alaus pakuot\u0117s",
                "labelPrice": 4.75,
                "pricePerUnit": 2.09,
                "units": "l",
                "packageAmount": 1.0,
                "description": null,
                "store": "Maxima",
                "availability": "active",
                "origin": null,
                "components": null,
                "image": "https://cdn.barbora.lt/products/9125bbb4-9397-4bd0-99f3-8cfd1383fa70_s.png"
            },
            {
                "itemName": "Kvietinis alus KRONENBOURG 1664 BLANC (5%, 4 vnt. x 500 ml), 2 l",
                "itemId": "00000000000BR07866",
                "itemUrl": "https://barbora.lt/produktai/kvietinis-alus-kronenbourg-1664-blanc-5-proc-4-vnt-x-500-ml-2-l",
                "categoryFullPath": "G\u0117rimai/Alus/Alaus pakuot\u0117s",
                "labelPrice": 6.39,
                "pricePerUnit": 3.2,
                "units": "l",
                "packageAmount": 1.0,
                "description": null,
                "store": "Maxima",
                "availability": "active",
                "origin": null,
                "components": null,
                "image": "https://cdn.barbora.lt/products/891ec65f-351c-4d96-87d7-e2e66ed0bc1a_s.png"
            },
            {
                "itemName": "\u0160viesusis alus \u0160VYTURYS TRADICINIS (6%), 568 ml",
                "itemId": "00000000000BR00121",
                "itemUrl": "https://barbora.lt/produktai/sviesusis-alus-svyturys-tradicinis-6-proc-568-ml",
                "categoryFullPath": "G\u0117rimai/Alus/\u0160viesusis alus",
                "labelPrice": 1.19,
                "pricePerUnit": 2.1,
                "units": "l",
                "packageAmount": 1.0,
                "description": null,
                "store": "Maxima",
                "availability": "active",
                "origin": null,
                "components": null,
                "image": "https://cdn.barbora.lt/products/2ff568d1-e232-40aa-a266-19b7165a3096_s.png"
            },
            {
                "itemName": "Tamsusis alus \u0160VYTURYS BALTIJOS (5,8%), 500 ml skard.",
                "itemId": "00000000000BR00207",
                "itemUrl": "https://barbora.lt/produktai/tamsusis-alus-svyturys-baltijos-5-8-proc-500-ml-skard",
                "categoryFullPath": "G\u0117rimai/Alus/Tamsusis alus",
                "labelPrice": 1.19,
                "pricePerUnit": 2.38,
                "units": "l",
                "packageAmount": 1.0,
                "description": null,
                "store": "Maxima",
                "availability": "active",
                "origin": null,
                "components": null,
                "image": "https://cdn.barbora.lt/products/fba49a8b-4eb2-4a37-aa9f-f2342a77bca6_s.png"
            },
            {
                "itemName": "\u0160viesusis alus TUBORG GREEN (4,6%), 500 ml skard.",
                "itemId": "00000000000BR00125",
                "itemUrl": "https://barbora.lt/produktai/sviesusis-alus-tuborg-green-4-6-proc-500-ml-skard",
                "categoryFullPath": "G\u0117rimai/Alus/\u0160viesusis alus",
                "labelPrice": 1.09,
                "pricePerUnit": 2.18,
                "units": "l",
                "packageAmount": 1.0,
                "description": null,
                "store": "Maxima",
                "availability": "active",
                "origin": null,
                "components": null,
                "image": "https://cdn.barbora.lt/products/eb8d3134-56a0-4e89-b5f3-5e5e5e657259_s.png"
            },
            {
                "itemName": "Tamsusis alus \u0160VYTURYS PORTERIS (6.9%), 500 ml",
                "itemId": "00000000000BR00510",
                "itemUrl": "https://barbora.lt/produktai/tamsusis-alus-svyturys-porteris-6-9-proc-500-ml",
                "categoryFullPath": "G\u0117rimai/Alus/Tamsusis alus",
                "labelPrice": 1.39,
                "pricePerUnit": 2.78,
                "units": "l",
                "packageAmount": 1.0,
                "description": null,
                "store": "Maxima",
                "availability": "active",
                "origin": null,
                "components": null,
                "image": "https://cdn.barbora.lt/products/8fafd778-2904-4b3d-bb23-a6e798e3b155_s.png"
            },
            {
                "itemName": "\u0160viesusis alus \u0160VYTURYS SESSION IPA (5%), 500 ml",
                "itemId": "00000000000BR07730",
                "itemUrl": "https://barbora.lt/produktai/sviesusis-alus-svyturys-session-ipa-5-proc-500-ml",
                "categoryFullPath": "G\u0117rimai/Alus/\u0160viesusis alus",
                "labelPrice": 1.39,
                "pricePerUnit": 2.78,
                "units": "l",
                "packageAmount": 1.0,
                "description": null,
                "store": "Maxima",
                "availability": "active",
                "origin": null,
                "components": null,
                "image": "https://cdn.barbora.lt/products/01200134-0b04-4642-80ce-750969411375_s.png"
            },
            {
                "itemName": "UTENOS alaus kokteilis RADLER WATERMELON (2%), 500 ml",
                "itemId": "00000000000BR07379",
                "itemUrl": "https://barbora.lt/produktai/utenos-alaus-kokteilis-radler-watermelon-2-proc-500-ml",
                "categoryFullPath": "G\u0117rimai/Alus/Alaus kokteiliai",
                "labelPrice": 1.09,
                "pricePerUnit": 2.18,
                "units": "l",
                "packageAmount": 1.0,
                "description": null,
                "store": "Maxima",
                "availability": "active",
                "origin": null,
                "components": null,
                "image": "https://cdn.barbora.lt/products/1bfe26f5-da09-4f82-8ca9-cc39d3a00c43_s.png"
            },
            {
                "itemName": "Alaus kokteilis DLIGHT su kofeinu ir taurinu (2,9%), 330 ml",
                "itemId": "00000000000BR07383",
                "itemUrl": "https://barbora.lt/produktai/alaus-kokteilis-dlight-su-kofeinu-ir-taurinu-2-9-proc-330-ml",
                "categoryFullPath": "G\u0117rimai/Alus/Alaus kokteiliai",
                "labelPrice": 1.09,
                "pricePerUnit": 3.3,
                "units": "l",
                "packageAmount": 1.0,
                "description": null,
                "store": "Maxima",
                "availability": "active",
                "origin": null,
                "components": null,
                "image": "https://cdn.barbora.lt/products/33111342-9347-4025-878d-48e3d72b7df2_s.png"
            },
            {
                "itemName": "UTENOS \u0161viesusis alus LAGER BEER (5% , 6 vnt., x 500 ml), 3 l",
                "itemId": "00000000000BR06707",
                "itemUrl": "https://barbora.lt/produktai/utenos-sviesusis-alus-lager-beer-5-proc-6-vnt-x-500-ml-3-l",
                "categoryFullPath": "G\u0117rimai/Alus/Alaus pakuot\u0117s",
                "labelPrice": 6.59,
                "pricePerUnit": 2.2,
                "units": "l",
                "packageAmount": 1.0,
                "description": null,
                "store": "Maxima",
                "availability": "active",
                "origin": null,
                "components": null,
                "image": "https://cdn.barbora.lt/products/70f0d3c1-a356-4bd1-90c2-b6079d90d056_s.png"
            },
            {
                "itemName": "UTENOS \u0161viesusis alus AUKSINIS (5%), 568 ml",
                "itemId": "00000000000BR00827",
                "itemUrl": "https://barbora.lt/produktai/utenos-sviesusis-alus-auksinis-5-proc-568-ml",
                "categoryFullPath": "G\u0117rimai/Alus/\u0160viesusis alus",
                "labelPrice": 1.19,
                "pricePerUnit": 2.1,
                "units": "l",
                "packageAmount": 1.0,
                "description": null,
                "store": "Maxima",
                "availability": "active",
                "origin": null,
                "components": null,
                "image": "https://cdn.barbora.lt/products/ffc8da23-fcee-4a73-9eda-bb6156202f4b_s.png"
            },
            {
                "itemName": "RAUDON\u0172 PLYT\u0172 kvietinis alus B\u0116GANTI KOPA (4,5%), 330 ml",
                "itemId": "00000000000BR00161",
                "itemUrl": "https://barbora.lt/produktai/raudonu-plytu-kvietinis-alus-beganti-kopa-4-5-proc-330-ml",
                "categoryFullPath": "G\u0117rimai/Alus/Ma\u017e\u0173j\u0173 darykl\u0173 alus",
                "labelPrice": 1.99,
                "pricePerUnit": 6.03,
                "units": "l",
                "packageAmount": 1.0,
                "description": null,
                "store": "Maxima",
                "availability": "active",
                "origin": null,
                "components": null,
                "image": "https://cdn.barbora.lt/products/05a0a25e-594b-4ff4-9c31-531d938ded6a_s.png"
            },
            {
                "itemName": "\u0160viesus alus GRIMBERGEN BLONDE (6,7%), 500 ml",
                "itemId": "00000000000BR00105",
                "itemUrl": "https://barbora.lt/produktai/sviesus-alus-grimbergen-blonde-6-7-proc-500-ml",
                "categoryFullPath": "G\u0117rimai/Alus/\u0160viesusis alus",
                "labelPrice": 1.79,
                "pricePerUnit": 3.58,
                "units": "l",
                "packageAmount": 1.0,
                "description": null,
                "store": "Maxima",
                "availability": "active",
                "origin": null,
                "components": null,
                "image": "https://cdn.barbora.lt/products/a904413c-dcdd-461a-8990-61ae4da6cae2_s.png"
            },
            {
                "itemName": "UTENOS alaus kokteilis RADLER RASPBERRY (2%), 500 ml",
                "itemId": "00000000000BR00637",
                "itemUrl": "https://barbora.lt/produktai/utenos-alaus-kokteilis-radler-raspberry-2-proc-500-ml",
                "categoryFullPath": "G\u0117rimai/Alus/Alaus kokteiliai",
                "labelPrice": 1.09,
                "pricePerUnit": 2.18,
                "units": "l",
                "packageAmount": 1.0,
                "description": null,
                "store": "Maxima",
                "availability": "active",
                "origin": null,
                "components": null,
                "image": "https://cdn.barbora.lt/products/81c5aa1e-35e6-44ac-97ed-7aceb780e965_s.png"
            },
            {
                "itemName": "Kvietinis alus KRONENBOURG 1664 FRUITS ROUGES (4.5%), 500 ml",
                "itemId": "00000000000BR00631",
                "itemUrl": "https://barbora.lt/produktai/kvietinis-alus-kronenbourg-1664-fruits-rouges-4-5-proc-500-ml",
                "categoryFullPath": "G\u0117rimai/Alus/Kvietinis alus",
                "labelPrice": 1.59,
                "pricePerUnit": 3.18,
                "units": "l",
                "packageAmount": 1.0,
                "description": null,
                "store": "Maxima",
                "availability": "active",
                "origin": null,
                "components": null,
                "image": "https://cdn.barbora.lt/products/fc702a13-3238-451a-a248-96f738b38ef7_s.png"
            },
            {
                "itemName": "\u0160viesusis alus \u0160VYTURYS GINTARINIS (4,6%), 568 ml",
                "itemId": "00000000000BR00160",
                "itemUrl": "https://barbora.lt/produktai/sviesusis-alus-svyturys-gintarinis-4-6-proc-568-ml-br00160",
                "categoryFullPath": "G\u0117rimai/Alus/\u0160viesusis alus",
                "labelPrice": 1.19,
                "pricePerUnit": 2.1,
                "units": "l",
                "packageAmount": 1.0,
                "description": null,
                "store": "Maxima",
                "availability": "active",
                "origin": null,
                "components": null,
                "image": "https://cdn.barbora.lt/products/083449b3-a23e-495f-a9f6-649af0940950_s.png"
            },
            {
                "itemName": "\u0160viesusis alus TUBORG GREEN (4,6%), 330 ml",
                "itemId": "000000000000717551",
                "itemUrl": "https://barbora.lt/produktai/sviesusis-alus-tuborg-green-4-6-proc-330-ml",
                "categoryFullPath": "G\u0117rimai/Alus/\u0160viesusis alus",
                "labelPrice": 1.09,
                "pricePerUnit": 3.3,
                "units": "l",
                "packageAmount": 1.0,
                "description": null,
                "store": "Maxima",
                "availability": "active",
                "origin": null,
                "components": null,
                "image": "https://cdn.barbora.lt/products/a65a788f-d3dc-4807-be84-dec190f17998_s.png"
            },
            {
                "itemName": "UTENOS alaus kokteilis RADLER ORANGE, (2%), 500 ml",
                "itemId": "000000000000893119",
                "itemUrl": "https://barbora.lt/produktai/utenos-alaus-kokteilis-radler-orange-2-proc-500-ml",
                "categoryFullPath": "G\u0117rimai/Alus/Alaus kokteiliai",
                "labelPrice": 1.09,
                "pricePerUnit": 2.18,
                "units": "l",
                "packageAmount": 1.0,
                "description": null,
                "store": "Maxima",
                "availability": "active",
                "origin": null,
                "components": null,
                "image": "https://cdn.barbora.lt/products/4e5b2b22-f136-454f-90bd-3bbb24bde3be_s.png"
            },
            {
                "itemName": "UTENOS alaus kokteilis RADLER LEMON (2%), 500 ml",
                "itemId": "00000000000BR00140",
                "itemUrl": "https://barbora.lt/produktai/utenos-alaus-kokteilis-radler-lemon-2-proc-500-ml-br00140",
                "categoryFullPath": "G\u0117rimai/Alus/Alaus kokteiliai",
                "labelPrice": 1.09,
                "pricePerUnit": 2.18,
                "units": "l",
                "packageAmount": 1.0,
                "description": null,
                "store": "Maxima",
                "availability": "active",
                "origin": null,
                "components": null,
                "image": "https://cdn.barbora.lt/products/3ed2bd10-5228-481c-bc66-ea9ebe55517b_s.png"
            },
            {
                "itemName": "Tamsusis alus \u0160VYTURYS BALTIJOS (5,8%), 500 ml",
                "itemId": "000000000000655864",
                "itemUrl": "https://barbora.lt/produktai/tamsusis-alus-svyturys-baltijos-5-8-proc-500-ml",
                "categoryFullPath": "G\u0117rimai/Alus/Tamsusis alus",
                "labelPrice": 1.19,
                "pricePerUnit": 2.38,
                "units": "l",
                "packageAmount": 1.0,
                "description": null,
                "store": "Maxima",
                "availability": "active",
                "origin": null,
                "components": null,
                "image": "https://cdn.barbora.lt/products/5f729f15-66a4-45de-8bac-d9a1b12cf587_s.png"
            },
            {
                "itemName": "RAUDON\u0172 PLYT\u0172 amerikieti\u0161kas IPA BOCMANO \u016aSAI (6%), 330 ml",
                "itemId": "00000000000BR00179",
                "itemUrl": "https://barbora.lt/produktai/raudonu-plytu-amerikietiskas-ipa-bocmano-usai-6-proc-330-ml",
                "categoryFullPath": "G\u0117rimai/Alus/Ma\u017e\u0173j\u0173 darykl\u0173 alus",
                "labelPrice": 1.99,
                "pricePerUnit": 6.03,
                "units": "l",
                "packageAmount": 1.0,
                "description": null,
                "store": "Maxima",
                "availability": "active",
                "origin": null,
                "components": null,
                "image": "https://cdn.barbora.lt/products/2a31e8df-7f73-4f93-82f3-d5decf6435d8_s.png"
            }
        ]
    },
    {
        "category": "\r\n                        \u0160aldytas maistas\r\n                    ",
        "categoryUrl": "https://barbora.lt/saldytas-maistas",
        "responseUrl": "https://barbora.lt/",
        "items": [
            {
                "itemName": "Vi\u0161tienos kr\u016btin\u0117l\u0117s kepsneliai DONUTS MR TORES su s\u016briu, 500 g",
                "itemId": "000000000001292649",
                "itemUrl": "https://barbora.lt/produktai/vistienos-krutineles-kepsneliai-donuts-mr-tores-su-suriu-500-g",
                "categoryFullPath": "\u0160aldytas maistas/\u0160aldyti kulinarijos ir konditerijos gaminiai/\u0160aldytas paruo\u0161tas vartojimui maistas",
                "labelPrice": 3.19,
                "pricePerUnit": 6.38,
                "units": "kg",
                "packageAmount": 1.0,
                "description": null,
                "store": "Maxima",
                "availability": "active",
                "origin": null,
                "components": null,
                "image": "https://cdn.barbora.lt/products/87eb9475-3686-4c9f-916b-b303193079c3_s.png"
            },
            {
                "itemName": "\u0160aldyta pica MEGA DI CATO SPECIALE su kumpiu ir saliamiu, 325 g",
                "itemId": "000000000001034700",
                "itemUrl": "https://barbora.lt/produktai/saldyta-pica-mega-di-cato-speciale-su-kumpiu-ir-saliamiu-325-g",
                "categoryFullPath": "\u0160aldytas maistas/\u0160aldyti kulinarijos ir konditerijos gaminiai/\u0160aldytos picos ir u\u017ekand\u017eiai ",
                "labelPrice": 1.99,
                "pricePerUnit": 6.12,
                "units": "kg",
                "packageAmount": 1.0,
                "description": null,
                "store": "Maxima",
                "availability": "active",
                "origin": null,
                "components": null,
                "image": "https://cdn.barbora.lt/products/691fd5f8-142d-4fcb-84a4-04d5653399c2_s.png"
            },
            {
                "itemName": "Pistacij\u0173 ledai, 150 g",
                "itemId": "000000000001150714",
                "itemUrl": "https://barbora.lt/produktai/pistaciju-ledai-150-g",
                "categoryFullPath": "\u0160aldytas maistas/Ledai ir ledo kubeliai/Ledai d\u0117\u017eut\u0117se ir indeliuose",
                "labelPrice": 3.79,
                "pricePerUnit": 25.27,
                "units": "kg",
                "packageAmount": 1.0,
                "description": null,
                "store": "Maxima",
                "availability": "active",
                "origin": null,
                "components": null,
                "image": "https://cdn.barbora.lt/products/e4782b31-80a4-4433-b75a-e1b3204cae7c_s.png"
            },
            {
                "itemName": "\u0160aldyta pica RISTORANTE PROSCIUTTO, 340 g",
                "itemId": "000000000001291761",
                "itemUrl": "https://barbora.lt/produktai/saldyta-pica-ristorante-prosciutto-340-g",
                "categoryFullPath": "\u0160aldytas maistas/\u0160aldyti kulinarijos ir konditerijos gaminiai/\u0160aldytos picos ir u\u017ekand\u017eiai ",
                "labelPrice": 4.39,
                "pricePerUnit": 12.91,
                "units": "kg",
                "packageAmount": 1.0,
                "description": null,
                "store": "Maxima",
                "availability": "active",
                "origin": null,
                "components": null,
                "image": "https://cdn.barbora.lt/products/091381e2-477c-45fb-8f78-0c05c940395a_s.png"
            },
            {
                "itemName": "\u0160aldyti \u017euv\u0173 pir\u0161teliai ESVA, 450 g",
                "itemId": "000000000000161230",
                "itemUrl": "https://barbora.lt/produktai/saldyti-zuvu-pirsteliai-esva-450-g",
                "categoryFullPath": "\u0160aldytas maistas/\u0160aldytos \u017euvys ir j\u016br\u0173 g\u0117ryb\u0117s/\u017duv\u0173 pir\u0161teliai",
                "labelPrice": 2.59,
                "pricePerUnit": 5.76,
                "units": "kg",
                "packageAmount": 1.0,
                "description": null,
                "store": "Maxima",
                "availability": "active",
                "origin": null,
                "components": null,
                "image": "https://cdn.barbora.lt/products/3825e44f-0006-40ae-abd0-72b008d5eecf_s.png"
            },
            {
                "itemName": "KARALI\u0160KIEJI kold\u016bnai LI\u016aTUKAS IR KO, 800 g",
                "itemId": "000000000000175974",
                "itemUrl": "https://barbora.lt/produktai/karaliskieji-koldunai-liutukas-ir-ko-800-g",
                "categoryFullPath": "\u0160aldytas maistas/\u0160aldyti kulinarijos ir konditerijos gaminiai/\u0160aldyti kold\u016bnai ir virtiniai",
                "labelPrice": 6.19,
                "pricePerUnit": 7.74,
                "units": "kg",
                "packageAmount": 1.0,
                "description": null,
                "store": "Maxima",
                "availability": "active",
                "origin": null,
                "components": null,
                "image": "https://cdn.barbora.lt/products/dbf3259e-5170-4a4a-8bc8-85c1239dcdaf_s.png"
            },
            {
                "itemName": "Gruzdintos bulvyt\u0117s FARM FRITES LONG & CRUNCHY, 600 g",
                "itemId": "000000000000895621",
                "itemUrl": "https://barbora.lt/produktai/gruzdintos-bulvytes-farm-frites-long-crunchy-600-g",
                "categoryFullPath": "\u0160aldytas maistas/\u0160aldytos dar\u017eov\u0117s, grybai ir uogos/\u0160aldytos bulv\u0117s",
                "labelPrice": 1.59,
                "pricePerUnit": 2.65,
                "units": "kg",
                "packageAmount": 1.0,
                "description": null,
                "store": "Maxima",
                "availability": "active",
                "origin": null,
                "components": null,
                "image": "https://cdn.barbora.lt/products/43e59162-682a-426f-85c1-0984be6fa1bc_s.png"
            },
            {
                "itemName": "\u0160aldyta pica RISTORANTE MOZZARELLA, 355 g",
                "itemId": "000000000001291760",
                "itemUrl": "https://barbora.lt/produktai/saldyta-pica-ristorante-mozzarella-355-g",
                "categoryFullPath": "\u0160aldytas maistas/\u0160aldyti kulinarijos ir konditerijos gaminiai/\u0160aldytos picos ir u\u017ekand\u017eiai ",
                "labelPrice": 4.39,
                "pricePerUnit": 12.37,
                "units": "kg",
                "packageAmount": 1.0,
                "description": null,
                "store": "Maxima",
                "availability": "active",
                "origin": null,
                "components": null,
                "image": "https://cdn.barbora.lt/products/a8f7c555-76d5-4d70-949e-9a0f75ebab39_s.png"
            },
            {
                "itemName": "Apkeptos banguotos bulvi\u0173 lazdel\u0117s AVIKO ZIG ZAG, 750 g",
                "itemId": "000000000000019257",
                "itemUrl": "https://barbora.lt/produktai/apkeptos-banguotos-bulviu-lazdeles-aviko-zig-zag-750-g",
                "categoryFullPath": "\u0160aldytas maistas/\u0160aldytos dar\u017eov\u0117s, grybai ir uogos/\u0160aldytos bulv\u0117s",
                "labelPrice": 2.39,
                "pricePerUnit": 3.19,
                "units": "kg",
                "packageAmount": 1.0,
                "description": null,
                "store": "Maxima",
                "availability": "active",
                "origin": null,
                "components": null,
                "image": "https://cdn.barbora.lt/products/a16af8ed-cd36-4d7b-8e4f-b58b62e2c0d2_s.png"
            },
            {
                "itemName": "BEATOS VIRTUV\u0116S u\u017e\u0161aldyti kold\u016bnai su lietuvi\u0161ka kalakutiena, 400 g",
                "itemId": "000000000001177546",
                "itemUrl": "https://barbora.lt/produktai/beatos-virtuves-uzsaldyti-koldunai-su-lietuviska-kalakutiena-400-g",
                "categoryFullPath": "\u0160aldytas maistas/\u0160aldyti kulinarijos ir konditerijos gaminiai/\u0160aldyti kold\u016bnai ir virtiniai",
                "labelPrice": 4.29,
                "pricePerUnit": 10.73,
                "units": "kg",
                "packageAmount": 1.0,
                "description": null,
                "store": "Maxima",
                "availability": "active",
                "origin": null,
                "components": null,
                "image": "https://cdn.barbora.lt/products/9bef3bf5-9dac-4bd2-825a-e0cbc5c9f604_s.png"
            },
            {
                "itemName": "Pica DR. OETKER RISTORANTE DIAVOLA, 350 g",
                "itemId": "000000000001278131",
                "itemUrl": "https://barbora.lt/produktai/pica-dr-oetker-ristorante-diavola-350-g",
                "categoryFullPath": "\u0160aldytas maistas/\u0160aldyti kulinarijos ir konditerijos gaminiai/\u0160aldytos picos ir u\u017ekand\u017eiai ",
                "labelPrice": 4.39,
                "pricePerUnit": 12.54,
                "units": "kg",
                "packageAmount": 1.0,
                "description": null,
                "store": "Maxima",
                "availability": "active",
                "origin": null,
                "components": null,
                "image": "https://cdn.barbora.lt/products/5a81057d-2c11-485a-a4ee-155b1d5defdd_s.png"
            },
            {
                "itemName": "\u0160aldyti brokoliai FAVORIT, 400 g",
                "itemId": "000000000001064446",
                "itemUrl": "https://barbora.lt/produktai/saldyti-brokoliai-favorit-400-g",
                "categoryFullPath": "\u0160aldytas maistas/\u0160aldytos dar\u017eov\u0117s, grybai ir uogos/\u0160aldytos dar\u017eov\u0117s ir j\u0173 mi\u0161iniai",
                "labelPrice": 1.05,
                "pricePerUnit": 2.63,
                "units": "kg",
                "packageAmount": 1.0,
                "description": null,
                "store": "Maxima",
                "availability": "active",
                "origin": null,
                "components": null,
                "image": "https://cdn.barbora.lt/products/d5f6d926-0e2f-4272-b541-2443f01905f9_s.png"
            },
            {
                "itemName": "\u0160aldyti U\u017ekalnio kold\u016bnai kepti ir virti, 600 g",
                "itemId": "000000000001031057",
                "itemUrl": "https://barbora.lt/produktai/saldyti-uzkalnio-koldunai-kepti-ir-virti-600-g",
                "categoryFullPath": "\u0160aldytas maistas/\u0160aldyti kulinarijos ir konditerijos gaminiai/\u0160aldyti kold\u016bnai ir virtiniai",
                "labelPrice": 2.39,
                "pricePerUnit": 3.98,
                "units": "kg",
                "packageAmount": 1.0,
                "description": null,
                "store": "Maxima",
                "availability": "active",
                "origin": null,
                "components": null,
                "image": "https://cdn.barbora.lt/products/04e38bdb-9fd8-4b67-a17a-a62782f0e56a_s.png"
            },
            {
                "itemName": "Giliai u\u017e\u0161aldytos pjaustytos ank\u0161tin\u0117s pupel\u0117s FAVORIT, 400 g",
                "itemId": "000000000000998771",
                "itemUrl": "https://barbora.lt/produktai/giliai-uzsaldytos-pjaustytos-ankstines-pupeles-favorit-400-g",
                "categoryFullPath": "\u0160aldytas maistas/\u0160aldytos dar\u017eov\u0117s, grybai ir uogos/\u0160aldytos dar\u017eov\u0117s ir j\u0173 mi\u0161iniai",
                "labelPrice": 0.67,
                "pricePerUnit": 1.68,
                "units": "kg",
                "packageAmount": 1.0,
                "description": null,
                "store": "Maxima",
                "availability": "active",
                "origin": null,
                "components": null,
                "image": "https://cdn.barbora.lt/products/3d64d70c-93e9-4d32-aaff-936629443b64_s.png"
            },
            {
                "itemName": "\u0160aldyti \u017ealieji \u017eirneliai FAVORIT, 400 g",
                "itemId": "000000000001064444",
                "itemUrl": "https://barbora.lt/produktai/saldyti-zalieji-zirneliai-favorit-400-g",
                "categoryFullPath": "\u0160aldytas maistas/\u0160aldytos dar\u017eov\u0117s, grybai ir uogos/\u0160aldytos dar\u017eov\u0117s ir j\u0173 mi\u0161iniai",
                "labelPrice": 0.97,
                "pricePerUnit": 2.43,
                "units": "kg",
                "packageAmount": 1.0,
                "description": null,
                "store": "Maxima",
                "availability": "active",
                "origin": null,
                "components": null,
                "image": "https://cdn.barbora.lt/products/f84a8610-6ef7-401b-acbb-9a9dd361d219_s.png"
            },
            {
                "itemName": "BEATOS VIRTUV\u0116S u\u017e\u0161aldyti kold\u016bnai su kiauliena, 800 g",
                "itemId": "000000000001177545",
                "itemUrl": "https://barbora.lt/produktai/beatos-virtuves-uzsaldyti-koldunai-su-kiauliena-800-g",
                "categoryFullPath": "\u0160aldytas maistas/\u0160aldyti kulinarijos ir konditerijos gaminiai/\u0160aldyti kold\u016bnai ir virtiniai",
                "labelPrice": 6.49,
                "pricePerUnit": 8.11,
                "units": "kg",
                "packageAmount": 1.0,
                "description": null,
                "store": "Maxima",
                "availability": "active",
                "origin": null,
                "components": null,
                "image": "https://cdn.barbora.lt/products/78d3729a-aa29-409d-8275-0a27360cef0d_s.png"
            },
            {
                "itemName": "Pavasarinis dar\u017eovi\u0173 mi\u0161inys BONDUELLE 4 SEASONS MIX, 400 g",
                "itemId": "000000000000089430",
                "itemUrl": "https://barbora.lt/produktai/pavasarinis-darzoviu-misinys-bonduelle-4-seasons-mix-400-g",
                "categoryFullPath": "\u0160aldytas maistas/\u0160aldytos dar\u017eov\u0117s, grybai ir uogos/\u0160aldytos dar\u017eov\u0117s ir j\u0173 mi\u0161iniai",
                "labelPrice": 1.59,
                "pricePerUnit": 3.98,
                "units": "kg",
                "packageAmount": 1.0,
                "description": null,
                "store": "Maxima",
                "availability": "active",
                "origin": null,
                "components": null,
                "image": "https://cdn.barbora.lt/products/bc140439-c94c-4087-ad2b-f6990ee584ff_s.png"
            },
            {
                "itemName": "Giliai u\u017e\u0161aldytas pavasarini\u0173 dar\u017eovi\u0173 mi\u0161inys FAVORIT, 400 g",
                "itemId": "000000000000998769",
                "itemUrl": "https://barbora.lt/produktai/giliai-uzsaldytas-pavasariniu-darzoviu-misinys-favorit-400-g",
                "categoryFullPath": "\u0160aldytas maistas/\u0160aldytos dar\u017eov\u0117s, grybai ir uogos/\u0160aldytos dar\u017eov\u0117s ir j\u0173 mi\u0161iniai",
                "labelPrice": 0.61,
                "pricePerUnit": 1.53,
                "units": "kg",
                "packageAmount": 1.0,
                "description": null,
                "store": "Maxima",
                "availability": "active",
                "origin": null,
                "components": null,
                "image": "https://cdn.barbora.lt/products/13d34bfa-edeb-45df-bb0a-ac75f5c74526_s.png"
            },
            {
                "itemName": "\u017diediniai kop\u016bstai, greitai u\u017e\u0161aldyti FAVORIT, 400 g",
                "itemId": "000000000001207267",
                "itemUrl": "https://barbora.lt/produktai/ziediniai-kopustai-greitai-uzsaldyti-favorit-400-g",
                "categoryFullPath": "\u0160aldytas maistas/\u0160aldytos dar\u017eov\u0117s, grybai ir uogos/\u0160aldytos dar\u017eov\u0117s ir j\u0173 mi\u0161iniai",
                "labelPrice": 0.7,
                "pricePerUnit": 1.75,
                "units": "kg",
                "packageAmount": 1.0,
                "description": null,
                "store": "Maxima",
                "availability": "active",
                "origin": null,
                "components": null,
                "image": "https://cdn.barbora.lt/products/80753468-de5e-42cd-b5e8-bb2325557ecf_s.png"
            },
            {
                "itemName": "\u017demai\u010di\u0173 blynai su m\u0117sos \u012fdaru KITCHEN MOOD, 700 g",
                "itemId": "000000000001204643",
                "itemUrl": "https://barbora.lt/produktai/zemaiciu-blynai-su-mesos-idaru-kitchen-mood-700-g",
                "categoryFullPath": "\u0160aldytas maistas/\u0160aldyti kulinarijos ir konditerijos gaminiai/\u0160aldytas paruo\u0161tas vartojimui maistas",
                "labelPrice": 2.49,
                "pricePerUnit": 3.56,
                "units": "kg",
                "packageAmount": 1.0,
                "description": null,
                "store": "Maxima",
                "availability": "active",
                "origin": null,
                "components": null,
                "image": "https://cdn.barbora.lt/products/44a8a7dc-9888-4949-910e-f659d418fa66_s.png"
            },
            {
                "itemName": "Virtos \u0161aldytos tigrin\u0117s krevet\u0117s NOWACO EXCLUSIVE be kiaut\u0173, 300 g",
                "itemId": "000000000001008651",
                "itemUrl": "https://barbora.lt/produktai/virtos-saldytos-tigrines-krevetes-nowaco-exclusive-be-kiautu-300-g",
                "categoryFullPath": "\u0160aldytas maistas/\u0160aldytos \u017euvys ir j\u016br\u0173 g\u0117ryb\u0117s/\u0160aldytos krevet\u0117s",
                "labelPrice": 9.99,
                "pricePerUnit": 33.3,
                "units": "kg",
                "packageAmount": 1.0,
                "description": null,
                "store": "Maxima",
                "availability": "active",
                "origin": null,
                "components": null,
                "image": "https://cdn.barbora.lt/products/52582ab0-a011-463b-9387-a9716c769acf_s.png"
            },
            {
                "itemName": "Meksikieti\u0161kas dar\u017eovi\u0173 mi\u0161inys HORTEX MEXICO MIX, 400 g",
                "itemId": "000000000000658212",
                "itemUrl": "https://barbora.lt/produktai/meksikietiskas-darzoviu-misinys-hortex-mexico-mix-400-g",
                "categoryFullPath": "\u0160aldytas maistas/\u0160aldytos dar\u017eov\u0117s, grybai ir uogos/\u0160aldytos dar\u017eov\u0117s ir j\u0173 mi\u0161iniai",
                "labelPrice": 0.82,
                "pricePerUnit": 2.05,
                "units": "kg",
                "packageAmount": 1.0,
                "description": null,
                "store": "Maxima",
                "availability": "active",
                "origin": null,
                "components": null,
                "image": "https://cdn.barbora.lt/products/22bfe347-9d62-4ce9-8f19-390fa65be6ec_s.png"
            },
            {
                "itemName": "Blyneliai VI\u010cI su var\u0161k\u0117s \u012fdaru, 280 g",
                "itemId": "000000000001256129",
                "itemUrl": "https://barbora.lt/produktai/blyneliai-vici-su-varskes-idaru-280-g",
                "categoryFullPath": "\u0160aldytas maistas/\u0160aldyti kulinarijos ir konditerijos gaminiai/\u0160aldytas paruo\u0161tas vartojimui maistas",
                "labelPrice": 2.29,
                "pricePerUnit": 8.18,
                "units": "kg",
                "packageAmount": 1.0,
                "description": null,
                "store": "Maxima",
                "availability": "active",
                "origin": null,
                "components": null,
                "image": "https://cdn.barbora.lt/products/d45e9267-c338-4324-90e0-c60d01c9b411_s.png"
            },
            {
                "itemName": "Lietiniai blyneliai su var\u0161ke KITCHEN MOOD, 400 g",
                "itemId": "000000000001204631",
                "itemUrl": "https://barbora.lt/produktai/lietiniai-blyneliai-su-varske-kitchen-mood-400-g",
                "categoryFullPath": "\u0160aldytas maistas/\u0160aldyti kulinarijos ir konditerijos gaminiai/\u0160aldytas paruo\u0161tas vartojimui maistas",
                "labelPrice": 1.19,
                "pricePerUnit": 2.98,
                "units": "kg",
                "packageAmount": 1.0,
                "description": null,
                "store": "Maxima",
                "availability": "active",
                "origin": null,
                "components": null,
                "image": "https://cdn.barbora.lt/products/34015f91-ca2a-4600-9447-46c3da3f3440_s.png"
            },
            {
                "itemName": "\u0160aldyti sviestiniai rageliai, 360 g",
                "itemId": "000000000001017726",
                "itemUrl": "https://barbora.lt/produktai/saldyti-sviestiniai-rageliai-360-g",
                "categoryFullPath": "\u0160aldytas maistas/\u0160aldyti kulinarijos ir konditerijos gaminiai/\u0160aldytos bandel\u0117s ir pyragai\u010diai",
                "labelPrice": 3.29,
                "pricePerUnit": 9.14,
                "units": "kg",
                "packageAmount": 1.0,
                "description": null,
                "store": "Maxima",
                "availability": "active",
                "origin": null,
                "components": null,
                "image": "https://cdn.barbora.lt/products/606416bf-f609-4a4e-9ff8-a39e692a0459_s.png"
            },
            {
                "itemName": "Pranc\u016bzi\u0161kas batonas su \u010desnakiniu sviestu, 175 g",
                "itemId": "000000000000501050",
                "itemUrl": "https://barbora.lt/produktai/prancuziskas-batonas-su-cesnakiniu-sviestu-175-g",
                "categoryFullPath": "\u0160aldytas maistas/\u0160aldyti kulinarijos ir konditerijos gaminiai/\u0160aldytos bandel\u0117s ir pyragai\u010diai",
                "labelPrice": 1.35,
                "pricePerUnit": 7.71,
                "units": "kg",
                "packageAmount": 1.0,
                "description": null,
                "store": "Maxima",
                "availability": "active",
                "origin": null,
                "components": null,
                "image": "https://cdn.barbora.lt/products/c51a7a02-d5fa-4ceb-9017-37af629f11cf_s.png"
            },
            {
                "itemName": "Virtiniai su bulvi\u0173 ir r\u016bkytos \u0161onin\u0117s \u012fdaru, 400 g",
                "itemId": "000000000000968109",
                "itemUrl": "https://barbora.lt/produktai/virtiniai-su-bulviu-ir-rukytos-sonines-idaru-400-g",
                "categoryFullPath": "\u0160aldytas maistas/\u0160aldyti kulinarijos ir konditerijos gaminiai/\u0160aldyti kold\u016bnai ir virtiniai",
                "labelPrice": 1.69,
                "pricePerUnit": 4.23,
                "units": "kg",
                "packageAmount": 1.0,
                "description": null,
                "store": "Maxima",
                "availability": "active",
                "origin": null,
                "components": null,
                "image": "https://cdn.barbora.lt/products/b0156a8f-b77b-4091-b1ff-71835da3b53c_s.png"
            },
            {
                "itemName": "Vaniliniai valgomieji ledai KLASIKA, 500 g",
                "itemId": "000000000000182934",
                "itemUrl": "https://barbora.lt/produktai/vaniliniai-valgomieji-ledai-klasika-500-g",
                "categoryFullPath": "\u0160aldytas maistas/Ledai ir ledo kubeliai/Ledai d\u0117\u017eut\u0117se ir indeliuose",
                "labelPrice": 3.89,
                "pricePerUnit": 7.78,
                "units": "kg",
                "packageAmount": 1.0,
                "description": null,
                "store": "Maxima",
                "availability": "active",
                "origin": null,
                "components": null,
                "image": "https://cdn.barbora.lt/products/666c361c-e29b-4f6a-83ae-955946846217_s.png"
            },
            {
                "itemName": "KIJEVO kotletas FOOD STORIES, 290 g",
                "itemId": "000000000001277515",
                "itemUrl": "https://barbora.lt/produktai/kijevo-kotletas-food-stories-290-g",
                "categoryFullPath": "\u0160aldytas maistas/\u0160aldyti kulinarijos ir konditerijos gaminiai/\u0160aldytas paruo\u0161tas vartojimui maistas",
                "labelPrice": 4.59,
                "pricePerUnit": 15.83,
                "units": "kg",
                "packageAmount": 1.0,
                "description": null,
                "store": "Maxima",
                "availability": "active",
                "origin": null,
                "components": null,
                "image": "https://cdn.barbora.lt/products/a2d0b46e-2a38-4d72-9da3-25dda5e5d52f_s.png"
            },
            {
                "itemName": "Ledai SNICKERS, 48 g",
                "itemId": "000000000000149186",
                "itemUrl": "https://barbora.lt/produktai/ledai-snickers-48-g",
                "categoryFullPath": "\u0160aldytas maistas/Ledai ir ledo kubeliai/Ledai porcijomis",
                "labelPrice": 0.85,
                "pricePerUnit": 17.71,
                "units": "kg",
                "packageAmount": 1.0,
                "description": null,
                "store": "Maxima",
                "availability": "active",
                "origin": null,
                "components": null,
                "image": "https://cdn.barbora.lt/products/7b968314-4688-4239-adcd-c85a4a853107_s.png"
            },
            {
                "itemName": "Sluoksniuotos te\u0161los bandel\u0117s su cinamono \u012fdaru, 320 g",
                "itemId": "000000000001017724",
                "itemUrl": "https://barbora.lt/produktai/sluoksniuotos-teslos-bandeles-su-cinamono-idaru-320-g",
                "categoryFullPath": "\u0160aldytas maistas/\u0160aldyti kulinarijos ir konditerijos gaminiai/\u0160aldytos bandel\u0117s ir pyragai\u010diai",
                "labelPrice": 3.45,
                "pricePerUnit": 10.78,
                "units": "kg",
                "packageAmount": 1.0,
                "description": null,
                "store": "Maxima",
                "availability": "active",
                "origin": null,
                "components": null,
                "image": "https://cdn.barbora.lt/products/2ae5a142-c3b9-4d55-98a5-3660944fffca_s.png"
            },
            {
                "itemName": "Meksikieti\u0161kas dar\u017eovi\u0173 mi\u0161inys FAVORIT, 400 g",
                "itemId": "000000000001092118",
                "itemUrl": "https://barbora.lt/produktai/meksikietiskas-darzoviu-misinys-favorit-400-g",
                "categoryFullPath": "\u0160aldytas maistas/\u0160aldytos dar\u017eov\u0117s, grybai ir uogos/\u0160aldytos dar\u017eov\u0117s ir j\u0173 mi\u0161iniai",
                "labelPrice": 0.84,
                "pricePerUnit": 2.1,
                "units": "kg",
                "packageAmount": 1.0,
                "description": null,
                "store": "Maxima",
                "availability": "active",
                "origin": null,
                "components": null,
                "image": "https://cdn.barbora.lt/products/ad8dca30-ce58-4d1f-8714-3397bb43ac6a_s.png"
            },
            {
                "itemName": "\u0160aldyti sviestiniai kruasanai, 360 g",
                "itemId": "000000000001140450",
                "itemUrl": "https://barbora.lt/produktai/saldyti-sviestiniai-kruasanai-360-g",
                "categoryFullPath": "\u0160aldytas maistas/\u0160aldyti kulinarijos ir konditerijos gaminiai/\u0160aldytos bandel\u0117s ir pyragai\u010diai",
                "labelPrice": 3.59,
                "pricePerUnit": 9.97,
                "units": "kg",
                "packageAmount": 1.0,
                "description": null,
                "store": "Maxima",
                "availability": "active",
                "origin": null,
                "components": null,
                "image": "https://cdn.barbora.lt/products/7a847f0b-7482-4b9d-ab01-3443e34e9cd6_s.png"
            },
            {
                "itemName": "Tamsi itali\u0161ka duona \u010diabata, 250 g",
                "itemId": "000000000001005848",
                "itemUrl": "https://barbora.lt/produktai/tamsi-italiska-duona-ciabata-250-g",
                "categoryFullPath": "\u0160aldytas maistas/\u0160aldyti kulinarijos ir konditerijos gaminiai/\u0160aldytos bandel\u0117s ir pyragai\u010diai",
                "labelPrice": 0.99,
                "pricePerUnit": 3.96,
                "units": "kg",
                "packageAmount": 1.0,
                "description": null,
                "store": "Maxima",
                "availability": "active",
                "origin": null,
                "components": null,
                "image": "https://cdn.barbora.lt/products/c6710635-8548-4dd7-a5d8-d193a4b4581e_s.png"
            },
            {
                "itemName": "Vanil\u0117s skonio plombyras DADU, 65 g",
                "itemId": "000000000000956003",
                "itemUrl": "https://barbora.lt/produktai/vaniles-skonio-plombyras-dadu-65-g",
                "categoryFullPath": "\u0160aldytas maistas/Ledai ir ledo kubeliai/Ledai porcijomis",
                "labelPrice": 0.99,
                "pricePerUnit": 15.23,
                "units": "kg",
                "packageAmount": 1.0,
                "description": null,
                "store": "Maxima",
                "availability": "active",
                "origin": null,
                "components": null,
                "image": "https://cdn.barbora.lt/products/d3222ab7-8d94-4df6-a547-1a05fca3bfeb_s.png"
            },
            {
                "itemName": "\u017demai\u010di\u0173 blynai FOOD STORIES, 260 g",
                "itemId": "000000000001277521",
                "itemUrl": "https://barbora.lt/produktai/zemaiciu-blynai-food-stories-260-g",
                "categoryFullPath": "\u0160aldytas maistas/\u0160aldyti kulinarijos ir konditerijos gaminiai/\u0160aldytas paruo\u0161tas vartojimui maistas",
                "labelPrice": 2.69,
                "pricePerUnit": 10.35,
                "units": "kg",
                "packageAmount": 1.0,
                "description": null,
                "store": "Maxima",
                "availability": "active",
                "origin": null,
                "components": null,
                "image": "https://cdn.barbora.lt/products/afeba856-db7d-43f3-ac06-ed942b8d5f1b_s.png"
            },
            {
                "itemName": "Glaistytas vanilinis plombyras NYK\u0160TUKAS su migdolais, 63 g",
                "itemId": "000000000000490642",
                "itemUrl": "https://barbora.lt/produktai/glaistytas-vanilinis-plombyras-nykstukas-su-migdolais-63-g",
                "categoryFullPath": "\u0160aldytas maistas/Ledai ir ledo kubeliai/Ledai porcijomis",
                "labelPrice": 0.89,
                "pricePerUnit": 14.13,
                "units": "kg",
                "packageAmount": 1.0,
                "description": null,
                "store": "Maxima",
                "availability": "active",
                "origin": null,
                "components": null,
                "image": "https://cdn.barbora.lt/products/e27bfcd2-1583-49b4-8583-6bd1fe10dd89_s.png"
            },
            {
                "itemName": "Vi\u0161tienos kepsneliai DOS POLLOS te\u0161loje, 600 g",
                "itemId": "000000000001077197",
                "itemUrl": "https://barbora.lt/produktai/vistienos-kepsneliai-dos-pollos-tesloje-600-g",
                "categoryFullPath": "\u0160aldytas maistas/\u0160aldyti kulinarijos ir konditerijos gaminiai/\u0160aldytas paruo\u0161tas vartojimui maistas",
                "labelPrice": 4.89,
                "pricePerUnit": 8.15,
                "units": "kg",
                "packageAmount": 1.0,
                "description": null,
                "store": "Maxima",
                "availability": "active",
                "origin": null,
                "components": null,
                "image": "https://cdn.barbora.lt/products/3999dae3-b078-449a-9efa-d5caf3d45e10_s.png"
            },
            {
                "itemName": "Kold\u016bnai su m\u0117sa KHINKALI, 400 g",
                "itemId": "000000000001078631",
                "itemUrl": "https://barbora.lt/produktai/koldunai-su-mesa-khinkali-400-g",
                "categoryFullPath": "\u0160aldytas maistas/\u0160aldyti kulinarijos ir konditerijos gaminiai/\u0160aldyti kold\u016bnai ir virtiniai",
                "labelPrice": 3.49,
                "pricePerUnit": 8.73,
                "units": "kg",
                "packageAmount": 1.0,
                "description": null,
                "store": "Maxima",
                "availability": "active",
                "origin": null,
                "components": null,
                "image": "https://cdn.barbora.lt/products/3b8c3028-b2c9-43c2-9884-440c0b5f7b20_s.png"
            },
            {
                "itemName": "\u0160aldytos gruzdinamosios bulvyt\u0117s TOP MANIA, 1 kg",
                "itemId": "000000000000913472",
                "itemUrl": "https://barbora.lt/produktai/saldytos-gruzdinamosios-bulvytes-top-mania-1-kg",
                "categoryFullPath": "\u0160aldytas maistas/\u0160aldytos dar\u017eov\u0117s, grybai ir uogos/\u0160aldytos bulv\u0117s",
                "labelPrice": 1.15,
                "pricePerUnit": 1.15,
                "units": "kg",
                "packageAmount": 1.0,
                "description": null,
                "store": "Maxima",
                "availability": "active",
                "origin": null,
                "components": null,
                "image": "https://cdn.barbora.lt/products/1d99b1d9-26fb-4485-aec7-946d57d89283_s.png"
            },
            {
                "itemName": "\u0160aldyti U\u017ekalnio kold\u016bnai su m\u0117sa ir itali\u0161ku rozmarinu, 600 g",
                "itemId": "000000000001031056",
                "itemUrl": "https://barbora.lt/produktai/saldyti-uzkalnio-koldunai-su-mesa-ir-italisku-rozmarinu-600-g",
                "categoryFullPath": "\u0160aldytas maistas/\u0160aldyti kulinarijos ir konditerijos gaminiai/\u0160aldyti kold\u016bnai ir virtiniai",
                "labelPrice": 2.39,
                "pricePerUnit": 3.98,
                "units": "kg",
                "packageAmount": 1.0,
                "description": null,
                "store": "Maxima",
                "availability": "active",
                "origin": null,
                "components": null,
                "image": "https://cdn.barbora.lt/products/100be06e-bc9b-4bee-8989-5783e3e816b0_s.png"
            },
            {
                "itemName": "\u0160aldyta pica MEGA DI CATO PROSCIUTTO su s\u016briu ir kumpiu, 310 g",
                "itemId": "000000000001034699",
                "itemUrl": "https://barbora.lt/produktai/saldyta-pica-mega-di-cato-prosciutto-su-suriu-ir-kumpiu-310-g",
                "categoryFullPath": "\u0160aldytas maistas/\u0160aldyti kulinarijos ir konditerijos gaminiai/\u0160aldytos picos ir u\u017ekand\u017eiai ",
                "labelPrice": 1.99,
                "pricePerUnit": 6.42,
                "units": "kg",
                "packageAmount": 1.0,
                "description": null,
                "store": "Maxima",
                "availability": "active",
                "origin": null,
                "components": null,
                "image": "https://cdn.barbora.lt/products/a9e64e83-f9a1-4c3a-972a-9e99fa1fc49b_s.png"
            },
            {
                "itemName": "Glaistytas vanilinis plombyras NYK\u0160TUKAS, 58 g",
                "itemId": "000000000000182973",
                "itemUrl": "https://barbora.lt/produktai/glaistytas-vanilinis-plombyras-nykstukas-58-g",
                "categoryFullPath": "\u0160aldytas maistas/Ledai ir ledo kubeliai/Ledai porcijomis",
                "labelPrice": 0.89,
                "pricePerUnit": 15.34,
                "units": "kg",
                "packageAmount": 1.0,
                "description": null,
                "store": "Maxima",
                "availability": "active",
                "origin": null,
                "components": null,
                "image": "https://cdn.barbora.lt/products/b488f8a3-a6c5-4304-9984-f47250c6185e_s.png"
            },
            {
                "itemName": "\u0160aldytos bra\u0161k\u0117s FAVORIT, 400 g",
                "itemId": "000000000001073856",
                "itemUrl": "https://barbora.lt/produktai/saldytos-braskes-favorit-400-g",
                "categoryFullPath": "\u0160aldytas maistas/\u0160aldytos dar\u017eov\u0117s, grybai ir uogos/\u0160aldytos uogos ir vaisiai",
                "labelPrice": 1.3,
                "pricePerUnit": 3.25,
                "units": "kg",
                "packageAmount": 1.0,
                "description": null,
                "store": "Maxima",
                "availability": "active",
                "origin": null,
                "components": null,
                "image": "https://cdn.barbora.lt/products/125acd0d-5048-4f4d-b57d-3eccd94961d0_s.png"
            },
            {
                "itemName": "Lietiniai blyneliai su kumpio ir s\u016brio \u012fdaru KITCHEN MOOD, 400 g",
                "itemId": "000000000001204642",
                "itemUrl": "https://barbora.lt/produktai/lietiniai-blyneliai-su-kumpio-ir-surio-idaru-kitchen-mood-400-g",
                "categoryFullPath": "\u0160aldytas maistas/\u0160aldyti kulinarijos ir konditerijos gaminiai/\u0160aldytas paruo\u0161tas vartojimui maistas",
                "labelPrice": 1.69,
                "pricePerUnit": 4.23,
                "units": "kg",
                "packageAmount": 1.0,
                "description": null,
                "store": "Maxima",
                "availability": "active",
                "origin": null,
                "components": null,
                "image": "https://cdn.barbora.lt/products/2e6869ca-6fde-4211-81f2-5633a35ab34d_s.png"
            },
            {
                "itemName": "Vi\u0161tienos kepsneliai DOS POLLOS,apvolioti d\u017ei\u016bv\u0117s., 600 g",
                "itemId": "000000000001077196",
                "itemUrl": "https://barbora.lt/produktai/vistienos-kepsneliai-dos-pollos-apvolioti-dziuves-600-g",
                "categoryFullPath": "\u0160aldytas maistas/\u0160aldyti kulinarijos ir konditerijos gaminiai/\u0160aldytas paruo\u0161tas vartojimui maistas",
                "labelPrice": 6.75,
                "pricePerUnit": 11.25,
                "units": "kg",
                "packageAmount": 1.0,
                "description": null,
                "store": "Maxima",
                "availability": "active",
                "origin": null,
                "components": null,
                "image": "https://cdn.barbora.lt/products/8310a794-c6af-493b-9698-825d869589fc_s.png"
            },
            {
                "itemName": "Giliai u\u017e\u0161aldytas \u017dIEMOS sriubos dar\u017eovi\u0173 mi\u0161inys FAVORIT, 400 g",
                "itemId": "000000000000998770",
                "itemUrl": "https://barbora.lt/produktai/giliai-uzsaldytas-ziemos-sriubos-darzoviu-misinys-favorit-400-g",
                "categoryFullPath": "\u0160aldytas maistas/\u0160aldytos dar\u017eov\u0117s, grybai ir uogos/\u0160aldytos dar\u017eov\u0117s ir j\u0173 mi\u0161iniai",
                "labelPrice": 0.61,
                "pricePerUnit": 1.53,
                "units": "kg",
                "packageAmount": 1.0,
                "description": null,
                "store": "Maxima",
                "availability": "active",
                "origin": null,
                "components": null,
                "image": "https://cdn.barbora.lt/products/ba58cb2e-f37a-4f07-8891-c0dbee697fc8_s.png"
            },
            {
                "itemName": "\u0160aldyti aliaskini\u0173 rudagalvi\u0173 menki\u0173 fil\u0117 kepsneliai FINDUS, 250 g",
                "itemId": "000000000001236143",
                "itemUrl": "https://barbora.lt/produktai/saldyti-aliaskiniu-rudagalviu-menkiu-file-kepsneliai-findus-250-g",
                "categoryFullPath": "\u0160aldytas maistas/\u0160aldytos \u017euvys ir j\u016br\u0173 g\u0117ryb\u0117s/\u017duvies patiekalai",
                "labelPrice": 3.59,
                "pricePerUnit": 14.36,
                "units": "kg",
                "packageAmount": 1.0,
                "description": null,
                "store": "Maxima",
                "availability": "active",
                "origin": null,
                "components": null,
                "image": "https://cdn.barbora.lt/products/72725d1c-789f-46e3-b3eb-08c446da0830_s.png"
            },
            {
                "itemName": "\u0160aldyti \u017ealieji \u017eirneliai BONDUELLE VAPEUR, 400 g",
                "itemId": "000000000001018554",
                "itemUrl": "https://barbora.lt/produktai/saldyti-zalieji-zirneliai-bonduelle-vapeur-400-g",
                "categoryFullPath": "\u0160aldytas maistas/\u0160aldytos dar\u017eov\u0117s, grybai ir uogos/\u0160aldytos dar\u017eov\u0117s ir j\u0173 mi\u0161iniai",
                "labelPrice": 2.09,
                "pricePerUnit": 5.23,
                "units": "kg",
                "packageAmount": 1.0,
                "description": null,
                "store": "Maxima",
                "availability": "active",
                "origin": null,
                "components": null,
                "image": "https://cdn.barbora.lt/products/eaa91881-03fc-4d98-a7aa-baeaf0bd1ee0_s.png"
            },
            {
                "itemName": "Kepam\u0173 dar\u017eovi\u0173 mi\u0161inys HORTEX su itali\u0161kais prieskoniais, 400 g",
                "itemId": "000000000000464692",
                "itemUrl": "https://barbora.lt/produktai/kepamu-darzoviu-misinys-hortex-su-italiskais-prieskoniais-400-g",
                "categoryFullPath": "\u0160aldytas maistas/\u0160aldytos dar\u017eov\u0117s, grybai ir uogos/\u0160aldytos dar\u017eov\u0117s ir j\u0173 mi\u0161iniai",
                "labelPrice": 1.04,
                "pricePerUnit": 2.6,
                "units": "kg",
                "packageAmount": 1.0,
                "description": null,
                "store": "Maxima",
                "availability": "active",
                "origin": null,
                "components": null,
                "image": "https://cdn.barbora.lt/products/27d60480-3e33-4d16-a386-ea811de0ef50_s.png"
            },
            {
                "itemName": "Vaniliniai ledai MELTEZ ROYALLER su migdolais, 90 g",
                "itemId": "000000000001186154",
                "itemUrl": "https://barbora.lt/produktai/vaniliniai-ledai-meltez-royaller-su-migdolais-90-g",
                "categoryFullPath": "\u0160aldytas maistas/Ledai ir ledo kubeliai/Ledai porcijomis",
                "labelPrice": 0.45,
                "pricePerUnit": 5.0,
                "units": "kg",
                "packageAmount": 1.0,
                "description": null,
                "store": "Maxima",
                "availability": "active",
                "origin": null,
                "components": null,
                "image": "https://cdn.barbora.lt/products/39e12840-6b67-42b6-ab56-a4f867249d2a_s.png"
            },
            {
                "itemName": "Bulvi\u0173 kukuliukai FARM FRITES (NOISETTES), 450 g",
                "itemId": "000000000000274997",
                "itemUrl": "https://barbora.lt/produktai/bulviu-kukuliukai-farm-frites-noisettes-450-g",
                "categoryFullPath": "\u0160aldytas maistas/\u0160aldytos dar\u017eov\u0117s, grybai ir uogos/\u0160aldytos bulv\u0117s",
                "labelPrice": 1.27,
                "pricePerUnit": 2.82,
                "units": "kg",
                "packageAmount": 1.0,
                "description": null,
                "store": "Maxima",
                "availability": "active",
                "origin": null,
                "components": null,
                "image": "https://cdn.barbora.lt/products/c96515fd-ee40-4087-8649-1e0e4123705d_s.png"
            }
        ]
    },
    {
        "category": "\r\n                        M\u0117sa, \u017euvis ir kulinarija\r\n                    ",
        "categoryUrl": "https://barbora.lt/mesa-zuvys-ir-kulinarija",
        "responseUrl": "https://barbora.lt/",
        "items": [
            {
                "itemName": "ELPOZO rinkinys: vyt.kumpis SERRANO, stovas, peilis, I r., 1 vnt.",
                "itemId": "000000000000695117",
                "itemUrl": "https://barbora.lt/produktai/elpozo-rinkinys-vyt-kumpis-serrano-stovas-peilis-i-r-1-vnt",
                "categoryFullPath": "M\u0117sa, \u017euvis ir kulinarija/M\u0117sos ir pauk\u0161tienos gaminiai/Vytinti m\u0117sos gaminiai",
                "labelPrice": 79.99,
                "pricePerUnit": 79.99,
                "units": "vnt.",
                "packageAmount": 1.0,
                "description": null,
                "store": "Maxima",
                "availability": "active",
                "origin": null,
                "components": null,
                "image": "https://cdn.barbora.lt/products/89e89458-1d10-406b-94ad-5ff134f066f3_s.png"
            },
            {
                "itemName": "ORIGINALIOJI silki\u0173 fil\u0117, 260 g",
                "itemId": "000000000001159289",
                "itemUrl": "https://barbora.lt/produktai/originalioji-silkiu-file-260-g",
                "categoryFullPath": "M\u0117sa, \u017euvis ir kulinarija/\u017duv\u0173 gaminiai/Silk\u0117s ir j\u0173 gaminiai",
                "labelPrice": 2.99,
                "pricePerUnit": 11.5,
                "units": "kg",
                "packageAmount": 1.0,
                "description": null,
                "store": "Maxima",
                "availability": "active",
                "origin": null,
                "components": null,
                "image": "https://cdn.barbora.lt/products/9d0ce508-10a2-4ca1-8b36-a30b46a58967_s.png"
            },
            {
                "itemName": "Kiaulienos spirgu\u010diai, 450 g",
                "itemId": "000000000000768045",
                "itemUrl": "https://barbora.lt/produktai/kiaulienos-spirguciai-450-g",
                "categoryFullPath": "M\u0117sa, \u017euvis ir kulinarija/M\u0117sos ir pauk\u0161tienos gaminiai/Virti, kepti ir s\u016bdyti gaminiai",
                "labelPrice": 2.19,
                "pricePerUnit": 4.87,
                "units": "kg",
                "packageAmount": 1.0,
                "description": null,
                "store": "Maxima",
                "availability": "active",
                "origin": null,
                "components": null,
                "image": "https://cdn.barbora.lt/products/84f0fd96-bdd5-4293-9f2c-aa95c307fa81_s.png"
            },
            {
                "itemName": "Tun\u0173 pjausnys RIO MARE s\u016bryme, 160 g",
                "itemId": "000000000000134926",
                "itemUrl": "https://barbora.lt/produktai/tunu-pjausnys-rio-mare-suryme-160-g",
                "categoryFullPath": "M\u0117sa, \u017euvis ir kulinarija/\u017duv\u0173 gaminiai/Tunai ir j\u0173 gaminiai",
                "labelPrice": 4.19,
                "pricePerUnit": 26.19,
                "units": "kg",
                "packageAmount": 1.0,
                "description": null,
                "store": "Maxima",
                "availability": "active",
                "origin": null,
                "components": null,
                "image": "https://cdn.barbora.lt/products/5d36b39c-1e08-4967-8251-ca69381d2a94_s.png"
            },
            {
                "itemName": "Balt.bly\u0161k.krevet\u0117s \u010desnak. aliej., 240 g",
                "itemId": "000000000001065483",
                "itemUrl": "https://barbora.lt/produktai/balt-blysk-krevetes-cesnak-aliej-240-g",
                "categoryFullPath": "M\u0117sa, \u017euvis ir kulinarija/\u017duv\u0173 gaminiai/Apdorotos j\u016br\u0173 g\u0117ryb\u0117s",
                "labelPrice": 6.19,
                "pricePerUnit": 25.79,
                "units": "kg",
                "packageAmount": 1.0,
                "description": null,
                "store": "Maxima",
                "availability": "active",
                "origin": null,
                "components": null,
                "image": "https://cdn.barbora.lt/products/4eee1ef1-3e36-49a2-9296-80a8291d5fe9_s.png"
            },
            {
                "itemName": "Vytintas kiaulienos kumpis SERRANO RESERVA, a.r., 350 g",
                "itemId": "000000000001027075",
                "itemUrl": "https://barbora.lt/produktai/vytintas-kiaulienos-kumpis-serrano-reserva-a-r-350-g",
                "categoryFullPath": "M\u0117sa, \u017euvis ir kulinarija/M\u0117sos ir pauk\u0161tienos gaminiai/Vytinti m\u0117sos gaminiai",
                "labelPrice": 7.49,
                "pricePerUnit": 21.4,
                "units": "kg",
                "packageAmount": 1.0,
                "description": null,
                "store": "Maxima",
                "availability": "active",
                "origin": null,
                "components": null,
                "image": "https://cdn.barbora.lt/products/95165867-c00b-40c9-ae34-8a89d915a6ae_s.png"
            },
            {
                "itemName": "Vytinta pjaustyta jautiena BASTURMA, a. r., 60 g",
                "itemId": "000000000000678435",
                "itemUrl": "https://barbora.lt/produktai/vytinta-pjaustyta-jautiena-basturma-a-r-60-g",
                "categoryFullPath": "M\u0117sa, \u017euvis ir kulinarija/M\u0117sos ir pauk\u0161tienos gaminiai/Vytinti m\u0117sos gaminiai",
                "labelPrice": 4.49,
                "pricePerUnit": 74.83,
                "units": "kg",
                "packageAmount": 1.0,
                "description": null,
                "store": "Maxima",
                "availability": "active",
                "origin": null,
                "components": null,
                "image": "https://cdn.barbora.lt/products/31bc18a3-fdcc-4a8e-9240-7c860636bf6e_s.png"
            },
            {
                "itemName": "\u0160vie\u017eia vi\u0161\u010diuk\u0173 broileri\u0173, u\u017eaugint\u0173 be antibiotik\u0173, fil\u0117, 500 g",
                "itemId": "000000000001265948",
                "itemUrl": "https://barbora.lt/produktai/sviezia-visciuku-broileriu-uzaugintu-be-antibiotiku-file-500-g",
                "categoryFullPath": "M\u0117sa, \u017euvis ir kulinarija/\u0160vie\u017eia pauk\u0161tiena/Vi\u0161tiena",
                "labelPrice": 5.49,
                "pricePerUnit": 10.98,
                "units": "kg",
                "packageAmount": 1.0,
                "description": null,
                "store": "Maxima",
                "availability": "active",
                "origin": null,
                "components": null,
                "image": "https://cdn.barbora.lt/products/eb1420d8-4454-43db-8fa7-83c15cec2c5c_s.png"
            },
            {
                "itemName": "\u0160vie\u017eia broileri\u0173, u\u017eaugint\u0173 be antibiotik\u0173, \u0161launeli\u0173 m\u0117sa, 500 g",
                "itemId": "000000000001266450",
                "itemUrl": "https://barbora.lt/produktai/sviezia-broileriu-uzaugintu-be-antibiotiku-slauneliu-mesa-500-g",
                "categoryFullPath": "M\u0117sa, \u017euvis ir kulinarija/\u0160vie\u017eia pauk\u0161tiena/Vi\u0161tiena",
                "labelPrice": 3.59,
                "pricePerUnit": 7.18,
                "units": "kg",
                "packageAmount": 1.0,
                "description": null,
                "store": "Maxima",
                "availability": "active",
                "origin": null,
                "components": null,
                "image": "https://cdn.barbora.lt/products/7022675c-8968-41b7-a76f-d557d324d2a7_s.png"
            },
            {
                "itemName": "Virtas pjaustytas kalakutienos kumpis, I r., 90 g",
                "itemId": "000000000000830515",
                "itemUrl": "https://barbora.lt/produktai/virtas-pjaustytas-kalakutienos-kumpis-i-r-90-g",
                "categoryFullPath": "M\u0117sa, \u017euvis ir kulinarija/M\u0117sos ir pauk\u0161tienos gaminiai/Virti, kepti ir s\u016bdyti gaminiai",
                "labelPrice": 1.99,
                "pricePerUnit": 22.11,
                "units": "kg",
                "packageAmount": 1.0,
                "description": null,
                "store": "Maxima",
                "availability": "active",
                "origin": null,
                "components": null,
                "image": "https://cdn.barbora.lt/products/e17112e7-800e-42c8-9310-cec555b24910_s.png"
            },
            {
                "itemName": "\u0160vie\u017eia broileri\u0173, u\u017eaugint\u0173 be antibiotik\u0173, vidin\u0117 fil\u0117, 400 g",
                "itemId": "000000000001266442",
                "itemUrl": "https://barbora.lt/produktai/sviezia-broileriu-uzaugintu-be-antibiotiku-vidine-file-400-g",
                "categoryFullPath": "M\u0117sa, \u017euvis ir kulinarija/\u0160vie\u017eia pauk\u0161tiena/Vi\u0161tiena",
                "labelPrice": 4.99,
                "pricePerUnit": 12.48,
                "units": "kg",
                "packageAmount": 1.0,
                "description": null,
                "store": "Maxima",
                "availability": "active",
                "origin": null,
                "components": null,
                "image": "https://cdn.barbora.lt/products/2c05dfa2-6cf9-470f-936f-082c789b8025_s.png"
            },
            {
                "itemName": "Liet. smulk. kiaul. ir jaut., rieb. ne did. kaip 20%, at\u0161al., 450 g",
                "itemId": "000000000001115153",
                "itemUrl": "https://barbora.lt/produktai/liet-smulk-kiaul-ir-jaut-rieb-ne-did-kaip-20-proc-atsal-450-g",
                "categoryFullPath": "M\u0117sa, \u017euvis ir kulinarija/\u0160vie\u017eia m\u0117sa/Malta m\u0117sa",
                "labelPrice": 2.29,
                "pricePerUnit": 5.09,
                "units": "kg",
                "packageAmount": 1.0,
                "description": null,
                "store": "Maxima",
                "availability": "active",
                "origin": null,
                "components": null,
                "image": "https://cdn.barbora.lt/products/5dbd570b-6f56-46cd-b63e-ac1ebe6283f8_s.png"
            },
            {
                "itemName": "\u0160vie\u017eia broileri\u0173, u\u017eaugint\u0173 be antibiotik\u0173, fil\u0117 kepsniams, 400 g",
                "itemId": "000000000001265949",
                "itemUrl": "https://barbora.lt/produktai/sviezia-broileriu-uzaugintu-be-antibiotiku-file-kepsniams-400-g",
                "categoryFullPath": "M\u0117sa, \u017euvis ir kulinarija/\u0160vie\u017eia pauk\u0161tiena/Vi\u0161tiena",
                "labelPrice": 5.49,
                "pricePerUnit": 13.73,
                "units": "kg",
                "packageAmount": 1.0,
                "description": null,
                "store": "Maxima",
                "availability": "active",
                "origin": null,
                "components": null,
                "image": "https://cdn.barbora.lt/products/033fbec3-b666-4d2f-8b69-624a66bebed6_s.png"
            },
            {
                "itemName": "Virtos SAMSONO pieni\u0161kos de\u0161rel\u0117s, a. r., 310 g",
                "itemId": "000000000000567015",
                "itemUrl": "https://barbora.lt/produktai/virtos-samsono-pieniskos-desreles-a-r-310-g",
                "categoryFullPath": "M\u0117sa, \u017euvis ir kulinarija/M\u0117sos ir pauk\u0161tienos gaminiai/Virtos de\u0161rel\u0117s",
                "labelPrice": 2.99,
                "pricePerUnit": 9.65,
                "units": "kg",
                "packageAmount": 1.0,
                "description": null,
                "store": "Maxima",
                "availability": "active",
                "origin": null,
                "components": null,
                "image": "https://cdn.barbora.lt/products/55acc9b4-3884-4628-9283-32d37ad62054_s.png"
            },
            {
                "itemName": "\u0160vie\u017eios broileri\u0173, u\u017eaugint\u0173 be antibiotik\u0173, blauzdel\u0117s, 500 g",
                "itemId": "000000000001266447",
                "itemUrl": "https://barbora.lt/produktai/sviezios-broileriu-uzaugintu-be-antibiotiku-blauzdeles-500-g",
                "categoryFullPath": "M\u0117sa, \u017euvis ir kulinarija/\u0160vie\u017eia pauk\u0161tiena/Vi\u0161tiena",
                "labelPrice": 2.89,
                "pricePerUnit": 5.78,
                "units": "kg",
                "packageAmount": 1.0,
                "description": null,
                "store": "Maxima",
                "availability": "active",
                "origin": null,
                "components": null,
                "image": "https://cdn.barbora.lt/products/8ab8b1af-6501-40a0-8f1a-57fe77758afc_s.png"
            },
            {
                "itemName": "Virta SAMSONO DAKTARI\u0160KA de\u0161ra, a. r., 330 g",
                "itemId": "000000000000568147",
                "itemUrl": "https://barbora.lt/produktai/virta-samsono-daktariska-desra-a-r-330-g",
                "categoryFullPath": "M\u0117sa, \u017euvis ir kulinarija/M\u0117sos ir pauk\u0161tienos gaminiai/Virtos de\u0161ros",
                "labelPrice": 1.93,
                "pricePerUnit": 5.85,
                "units": "kg",
                "packageAmount": 1.0,
                "description": null,
                "store": "Maxima",
                "availability": "active",
                "origin": null,
                "components": null,
                "image": "https://cdn.barbora.lt/products/01b3078c-97a8-466c-b99a-39584a0cf89f_s.png"
            },
            {
                "itemName": "Vi\u0161\u010diuk\u0173 broileri\u0173 kr\u016btin\u0117li\u0173 vidin\u0117 fil\u0117 BEST BUTCHER, 400 g",
                "itemId": "000000000001289326",
                "itemUrl": "https://barbora.lt/produktai/visciuku-broileriu-krutineliu-vidine-file-best-butcher-400-g",
                "categoryFullPath": "M\u0117sa, \u017euvis ir kulinarija/\u0160vie\u017eia pauk\u0161tiena/Vi\u0161tiena",
                "labelPrice": 2.99,
                "pricePerUnit": 7.48,
                "units": "kg",
                "packageAmount": 1.0,
                "description": null,
                "store": "Maxima",
                "availability": "active",
                "origin": null,
                "components": null,
                "image": "https://cdn.barbora.lt/products/ba441fd8-cb1d-40d9-970c-72c32b0c1392_s.png"
            },
            {
                "itemName": "At\u0161aldyta LIETUVI\u0160KA kiaulienos sprandin\u0117 be kaul\u0173, 1 kg",
                "itemId": "000000000000169815",
                "itemUrl": "https://barbora.lt/produktai/atsaldyta-lietuviska-kiaulienos-sprandine-be-kaulu-1-kg",
                "categoryFullPath": "M\u0117sa, \u017euvis ir kulinarija/\u0160vie\u017eia m\u0117sa/Kiauliena",
                "labelPrice": 5.99,
                "pricePerUnit": 5.99,
                "units": "kg",
                "packageAmount": 0.5,
                "description": null,
                "store": "Maxima",
                "availability": "active",
                "origin": null,
                "components": null,
                "image": "https://cdn.barbora.lt/products/e44fe7af-61c1-400b-8f50-36ebb65f5949_s.png"
            },
            {
                "itemName": "Lietuvi\u0161ka smulk. jautiena, rieb. ne did. kaip 15%, at\u0161ald., 450 g",
                "itemId": "000000000001252931",
                "itemUrl": "https://barbora.lt/produktai/lietuviska-smulk-jautiena-rieb-ne-did-kaip-15-proc-atsald-450-g",
                "categoryFullPath": "M\u0117sa, \u017euvis ir kulinarija/\u0160vie\u017eia m\u0117sa/Malta m\u0117sa",
                "labelPrice": 2.69,
                "pricePerUnit": 5.98,
                "units": "kg",
                "packageAmount": 1.0,
                "description": null,
                "store": "Maxima",
                "availability": "active",
                "origin": null,
                "components": null,
                "image": "https://cdn.barbora.lt/products/0b863f4a-f9fa-4aba-99de-c67df2949fdf_s.png"
            },
            {
                "itemName": "Virtos BIOVELOS pieni\u0161kos de\u0161rel\u0117s, a. r., 260 g",
                "itemId": "000000000000949956",
                "itemUrl": "https://barbora.lt/produktai/virtos-biovelos-pieniskos-desreles-a-r-260-g",
                "categoryFullPath": "M\u0117sa, \u017euvis ir kulinarija/M\u0117sos ir pauk\u0161tienos gaminiai/Virtos de\u0161rel\u0117s",
                "labelPrice": 2.49,
                "pricePerUnit": 9.58,
                "units": "kg",
                "packageAmount": 1.0,
                "description": null,
                "store": "Maxima",
                "availability": "active",
                "origin": null,
                "components": null,
                "image": "https://cdn.barbora.lt/products/a4a20d84-437c-46c9-a93c-ae58f7b5a642_s.png"
            },
            {
                "itemName": "\u0160vie\u017eias kalakutienos far\u0161as ARVI, rieb. 12 %, 500 g",
                "itemId": "000000000001141942",
                "itemUrl": "https://barbora.lt/produktai/sviezias-kalakutienos-farsas-arvi-rieb-12-proc-500-g",
                "categoryFullPath": "M\u0117sa, \u017euvis ir kulinarija/\u0160vie\u017eia pauk\u0161tiena/Malta pauk\u0161tiena",
                "labelPrice": 2.99,
                "pricePerUnit": 5.98,
                "units": "kg",
                "packageAmount": 1.0,
                "description": null,
                "store": "Maxima",
                "availability": "active",
                "origin": null,
                "components": null,
                "image": "https://cdn.barbora.lt/products/c6da7b34-06d9-4378-931b-6764aa80a2eb_s.png"
            },
            {
                "itemName": "\u0160v\u017e. broileri\u0173, u\u017eaugint\u0173 be antibiotik\u0173, blauzdel\u0117s be s\u0105n., 500 g",
                "itemId": "000000000001266448",
                "itemUrl": "https://barbora.lt/produktai/svz-broileriu-uzaugintu-be-antibiotiku-blauzdeles-be-san-500-g",
                "categoryFullPath": "M\u0117sa, \u017euvis ir kulinarija/\u0160vie\u017eia pauk\u0161tiena/Vi\u0161tiena",
                "labelPrice": 2.99,
                "pricePerUnit": 5.98,
                "units": "kg",
                "packageAmount": 1.0,
                "description": null,
                "store": "Maxima",
                "availability": "active",
                "origin": null,
                "components": null,
                "image": "https://cdn.barbora.lt/products/3db739a5-fab1-4485-a98a-7ac754996482_s.png"
            },
            {
                "itemName": "At\u0161aldytas LIETUVI\u0160KAS kiaulienos kumpis be kaulo, 1 kg",
                "itemId": "000000000000169866",
                "itemUrl": "https://barbora.lt/produktai/atsaldytas-lietuviskas-kiaulienos-kumpis-be-kaulo-1-kg",
                "categoryFullPath": "M\u0117sa, \u017euvis ir kulinarija/\u0160vie\u017eia m\u0117sa/Kiauliena",
                "labelPrice": 4.49,
                "pricePerUnit": 4.49,
                "units": "kg",
                "packageAmount": 0.5,
                "description": null,
                "store": "Maxima",
                "availability": "active",
                "origin": null,
                "components": null,
                "image": "https://cdn.barbora.lt/products/e7c59e0b-1cf9-493b-ac40-89b08b32e0bd_s.png"
            },
            {
                "itemName": "Lietuvi\u0161ka \u0161vie\u017eia vi\u0161\u010diuk\u0173 broileri\u0173 fil\u0117 BEST BUTCHER, 500 g",
                "itemId": "000000000001278140",
                "itemUrl": "https://barbora.lt/produktai/lietuviska-sviezia-visciuku-broileriu-file-best-butcher-500-g",
                "categoryFullPath": "M\u0117sa, \u017euvis ir kulinarija/\u0160vie\u017eia pauk\u0161tiena/Vi\u0161tiena",
                "labelPrice": 3.49,
                "pricePerUnit": 6.98,
                "units": "kg",
                "packageAmount": 1.0,
                "description": null,
                "store": "Maxima",
                "availability": "active",
                "origin": null,
                "components": null,
                "image": "https://cdn.barbora.lt/products/c383faca-bd2b-4b16-9c79-44c5caa1004d_s.png"
            },
            {
                "itemName": "S\u016bdyta pjaustyta atlantini\u0173 la\u0161i\u0161\u0173 fil\u0117 ZIGMAS, 100 g",
                "itemId": "000000000000013113",
                "itemUrl": "https://barbora.lt/produktai/sudyta-pjaustyta-atlantiniu-lasisu-file-zigmas-100-g",
                "categoryFullPath": "M\u0117sa, \u017euvis ir kulinarija/\u017duv\u0173 gaminiai/La\u0161i\u0161os ir j\u0173 gaminiai",
                "labelPrice": 3.99,
                "pricePerUnit": 39.9,
                "units": "kg",
                "packageAmount": 1.0,
                "description": null,
                "store": "Maxima",
                "availability": "active",
                "origin": null,
                "components": null,
                "image": "https://cdn.barbora.lt/products/4145dea4-6b5d-4a6c-8217-96d2c50cd9c0_s.png"
            },
            {
                "itemName": "Kar\u0161tai r\u016bkyta KLAIP\u0116DOS kiaulienos nugarin\u0117, a. r., 130 g",
                "itemId": "000000000001188130",
                "itemUrl": "https://barbora.lt/produktai/karstai-rukyta-klaipedos-kiaulienos-nugarine-a-r-130-g",
                "categoryFullPath": "M\u0117sa, \u017euvis ir kulinarija/M\u0117sos ir pauk\u0161tienos gaminiai/Kar\u0161tai r\u016bkyti gaminiai",
                "labelPrice": 2.19,
                "pricePerUnit": 16.85,
                "units": "kg",
                "packageAmount": 1.0,
                "description": null,
                "store": "Maxima",
                "availability": "active",
                "origin": null,
                "components": null,
                "image": "https://cdn.barbora.lt/products/91e6e678-9235-4863-a335-7cc2d9646626_s.png"
            },
            {
                "itemName": "\u0160vie\u017e. broileri\u0173, u\u017eaugint\u0173 be antibiotik\u0173, sparn.vid.dalys, 500 g",
                "itemId": "000000000001266446",
                "itemUrl": "https://barbora.lt/produktai/sviez-broileriu-uzaugintu-be-antibiotiku-sparn-vid-dalys-500-g",
                "categoryFullPath": "M\u0117sa, \u017euvis ir kulinarija/\u0160vie\u017eia pauk\u0161tiena/Vi\u0161tiena",
                "labelPrice": 2.99,
                "pricePerUnit": 5.98,
                "units": "kg",
                "packageAmount": 1.0,
                "description": null,
                "store": "Maxima",
                "availability": "active",
                "origin": null,
                "components": null,
                "image": "https://cdn.barbora.lt/products/79cc4bd5-1f8c-44b9-a98f-ca56fc7ccf29_s.png"
            },
            {
                "itemName": "\u0160vie\u017eios broileri\u0173, u\u017eaugint\u0173 be antibiotik\u0173, \u0161launel\u0117s, 500 g",
                "itemId": "000000000001266449",
                "itemUrl": "https://barbora.lt/produktai/sviezios-broileriu-uzaugintu-be-antibiotiku-slauneles-500-g",
                "categoryFullPath": "M\u0117sa, \u017euvis ir kulinarija/\u0160vie\u017eia pauk\u0161tiena/Vi\u0161tiena",
                "labelPrice": 2.39,
                "pricePerUnit": 4.78,
                "units": "kg",
                "packageAmount": 1.0,
                "description": null,
                "store": "Maxima",
                "availability": "active",
                "origin": null,
                "components": null,
                "image": "https://cdn.barbora.lt/products/4d8a7569-1926-4598-80e8-505055b540de_s.png"
            },
            {
                "itemName": "\u0160.r. atlant.la\u0161i\u0161\u0173 fil\u0117 gabaliukai NORVELITA salotoms ruo\u0161ti, 100 g",
                "itemId": "000000000000318493",
                "itemUrl": "https://barbora.lt/produktai/s-r-atlant-lasisu-file-gabaliukai-norvelita-salotoms-ruosti-100-g",
                "categoryFullPath": "M\u0117sa, \u017euvis ir kulinarija/\u017duv\u0173 gaminiai/La\u0161i\u0161os ir j\u0173 gaminiai",
                "labelPrice": 1.79,
                "pricePerUnit": 17.9,
                "units": "kg",
                "packageAmount": 1.0,
                "description": null,
                "store": "Maxima",
                "availability": "active",
                "origin": null,
                "components": null,
                "image": "https://cdn.barbora.lt/products/6a521598-cc00-4016-a6d3-95e4e62c9544_s.png"
            },
            {
                "itemName": "Kar\u0161tai r\u016bkyta kiaulienos fil\u0117 su kmynais, I r., 90 g",
                "itemId": "000000000000520020",
                "itemUrl": "https://barbora.lt/produktai/karstai-rukyta-kiaulienos-file-su-kmynais-i-r-90-g",
                "categoryFullPath": "M\u0117sa, \u017euvis ir kulinarija/M\u0117sos ir pauk\u0161tienos gaminiai/Kar\u0161tai r\u016bkyti gaminiai",
                "labelPrice": 1.99,
                "pricePerUnit": 22.11,
                "units": "kg",
                "packageAmount": 1.0,
                "description": null,
                "store": "Maxima",
                "availability": "active",
                "origin": null,
                "components": null,
                "image": "https://cdn.barbora.lt/products/fc1239e2-4c53-4ac3-8809-16f3a4ae1632_s.png"
            },
            {
                "itemName": "\u0160vie\u017eia atlantini\u0173 la\u0161i\u0161\u0173 (lot. Salmo salar) fil\u0117, su oda, 1 kg",
                "itemId": "000000000000949174",
                "itemUrl": "https://barbora.lt/produktai/sviezia-atlantiniu-lasisu-lot-salmo-salar-file-su-oda-1-kg",
                "categoryFullPath": "M\u0117sa, \u017euvis ir kulinarija/\u0160vie\u017eios \u017euvys ir j\u016br\u0173 g\u0117ryb\u0117s/\u0160vie\u017eia \u017euvis",
                "labelPrice": 17.49,
                "pricePerUnit": 17.49,
                "units": "kg",
                "packageAmount": 1.0,
                "description": null,
                "store": "Maxima",
                "availability": "active",
                "origin": null,
                "components": null,
                "image": "https://cdn.barbora.lt/products/9bca1386-7091-4629-a950-242bdd3e844b_s.png"
            },
            {
                "itemName": "Virtas KARALI\u0160KAS kalakutienos kumpis, a. r., 90 g",
                "itemId": "000000000001266528",
                "itemUrl": "https://barbora.lt/produktai/virtas-karaliskas-kalakutienos-kumpis-a-r-90-g",
                "categoryFullPath": "M\u0117sa, \u017euvis ir kulinarija/M\u0117sos ir pauk\u0161tienos gaminiai/Virti, kepti ir s\u016bdyti gaminiai",
                "labelPrice": 2.09,
                "pricePerUnit": 23.22,
                "units": "kg",
                "packageAmount": 1.0,
                "description": null,
                "store": "Maxima",
                "availability": "active",
                "origin": null,
                "components": null,
                "image": "https://cdn.barbora.lt/products/78f4a3c5-7654-455c-b409-c4c7a1dc5f6f_s.png"
            },
            {
                "itemName": "Liet. smulk. kiaul. ir jaut., rieb. ne did. kaip 20%, at\u0161al., 1 kg",
                "itemId": "000000000001267904",
                "itemUrl": "https://barbora.lt/produktai/liet-smulk-kiaul-ir-jaut-rieb-ne-did-kaip-20-proc-atsal-1-kg-67904",
                "categoryFullPath": "M\u0117sa, \u017euvis ir kulinarija/\u0160vie\u017eia m\u0117sa/Malta m\u0117sa",
                "labelPrice": 4.99,
                "pricePerUnit": 4.99,
                "units": "kg",
                "packageAmount": 0.5,
                "description": null,
                "store": "Maxima",
                "availability": "active",
                "origin": null,
                "components": null,
                "image": "https://cdn.barbora.lt/products/8b1d6b61-283a-4296-b08a-233f82da1ff8_s.png"
            },
            {
                "itemName": "Lietuvi\u0161kas kiaulienos far\u0161as, rieb. 20 %, at\u0161ald., 1 kg",
                "itemId": "000000000001283024",
                "itemUrl": "https://barbora.lt/produktai/lietuviskas-kiaulienos-farsas-rieb-20-proc-atsald-1-kg-83024",
                "categoryFullPath": "M\u0117sa, \u017euvis ir kulinarija/\u0160vie\u017eia m\u0117sa/Malta m\u0117sa",
                "labelPrice": 2.99,
                "pricePerUnit": 2.99,
                "units": "kg",
                "packageAmount": 0.3,
                "description": null,
                "store": "Maxima",
                "availability": "active",
                "origin": null,
                "components": null,
                "image": "https://cdn.barbora.lt/products/5e59cdde-6021-4de7-ac05-7a8ffab7bb3f_s.png"
            },
            {
                "itemName": "Lietuvi\u0161ka smulk. kiauliena, rieb. ne did. kaip 20 %, at\u0161al., 1 kg",
                "itemId": "000000000001267902",
                "itemUrl": "https://barbora.lt/produktai/lietuviska-smulk-kiauliena-rieb-ne-did-kaip-20-proc-atsal-1-kg-67902",
                "categoryFullPath": "M\u0117sa, \u017euvis ir kulinarija/\u0160vie\u017eia m\u0117sa/Malta m\u0117sa",
                "labelPrice": 3.99,
                "pricePerUnit": 3.99,
                "units": "kg",
                "packageAmount": 0.4,
                "description": null,
                "store": "Maxima",
                "availability": "active",
                "origin": null,
                "components": null,
                "image": "https://cdn.barbora.lt/products/75ed3de5-e55b-4ef3-9385-44d3c6aa98a3_s.png"
            },
            {
                "itemName": "\u0160vie\u017ei atlantini\u0173 la\u0161i\u0161\u0173 (Salmo Salar) didkepsniai, 1 kg",
                "itemId": "000000000000164370",
                "itemUrl": "https://barbora.lt/produktai/sviezi-atlantiniu-lasisu-salmo-salar-didkepsniai-1-kg",
                "categoryFullPath": "M\u0117sa, \u017euvis ir kulinarija/\u0160vie\u017eios \u017euvys ir j\u016br\u0173 g\u0117ryb\u0117s/\u0160vie\u017eia \u017euvis",
                "labelPrice": 14.99,
                "pricePerUnit": 14.99,
                "units": "kg",
                "packageAmount": 0.3,
                "description": null,
                "store": "Maxima",
                "availability": "active",
                "origin": null,
                "components": null,
                "image": "https://cdn.barbora.lt/products/5c406e23-ca13-412b-abed-98b89c3f80ad_s.png"
            },
            {
                "itemName": "Vytinta ispani\u0161ka de\u0161ra FUETEC, I r., 170 g",
                "itemId": "000000000000128146",
                "itemUrl": "https://barbora.lt/produktai/vytinta-ispaniska-desra-fuetec-i-r-170-g",
                "categoryFullPath": "M\u0117sa, \u017euvis ir kulinarija/M\u0117sos ir pauk\u0161tienos gaminiai/Vytintos de\u0161ros",
                "labelPrice": 1.79,
                "pricePerUnit": 10.53,
                "units": "kg",
                "packageAmount": 1.0,
                "description": null,
                "store": "Maxima",
                "availability": "active",
                "origin": null,
                "components": null,
                "image": "https://cdn.barbora.lt/products/cb056372-e523-474c-9e4f-adfb055b9549_s.png"
            },
            {
                "itemName": "\u0160altai r\u016bkytas pjaustytas \u010desnakinis saliamis, II r., 110 g",
                "itemId": "000000000000520514",
                "itemUrl": "https://barbora.lt/produktai/saltai-rukytas-pjaustytas-cesnakinis-saliamis-ii-r-110-g",
                "categoryFullPath": "M\u0117sa, \u017euvis ir kulinarija/M\u0117sos ir pauk\u0161tienos gaminiai/\u0160altai r\u016bkytos de\u0161ros",
                "labelPrice": 1.99,
                "pricePerUnit": 18.09,
                "units": "kg",
                "packageAmount": 1.0,
                "description": null,
                "store": "Maxima",
                "availability": "active",
                "origin": null,
                "components": null,
                "image": "https://cdn.barbora.lt/products/9e12ba6d-33dc-43bc-bcc1-c9589fcac93e_s.png"
            },
            {
                "itemName": "\u0160vie\u017eios MANO vi\u0161\u010diuk\u0173 broileri\u0173 kepen\u0117l\u0117s, 400 g",
                "itemId": "000000000001229414",
                "itemUrl": "https://barbora.lt/produktai/sviezios-mano-visciuku-broileriu-kepeneles-400-g",
                "categoryFullPath": "M\u0117sa, \u017euvis ir kulinarija/\u0160vie\u017eia pauk\u0161tiena/Vi\u0161tiena",
                "labelPrice": 0.99,
                "pricePerUnit": 2.48,
                "units": "kg",
                "packageAmount": 1.0,
                "description": null,
                "store": "Maxima",
                "availability": "active",
                "origin": null,
                "components": null,
                "image": "https://cdn.barbora.lt/products/2c7984e6-4ab2-4533-926b-7da78dbcf4d0_s.png"
            },
            {
                "itemName": "At\u0161aldyta LIETUVI\u0160KA kiaulienos i\u0161pjova, 1 kg",
                "itemId": "000000000000169829",
                "itemUrl": "https://barbora.lt/produktai/atsaldyta-lietuviska-kiaulienos-ispjova-1-kg",
                "categoryFullPath": "M\u0117sa, \u017euvis ir kulinarija/\u0160vie\u017eia m\u0117sa/Kiauliena",
                "labelPrice": 6.99,
                "pricePerUnit": 6.99,
                "units": "kg",
                "packageAmount": 0.5,
                "description": null,
                "store": "Maxima",
                "availability": "active",
                "origin": null,
                "components": null,
                "image": "https://cdn.barbora.lt/products/dfbe2a2e-9636-43a5-a06f-32b43b80ae60_s.png"
            },
            {
                "itemName": "Virtos pieni\u0161kos de\u0161rel\u0117s KAI NORISI M\u0116SOS, a. r., 280 g",
                "itemId": "000000000000851394",
                "itemUrl": "https://barbora.lt/produktai/virtos-pieniskos-desreles-kai-norisi-mesos-a-r-280-g",
                "categoryFullPath": "M\u0117sa, \u017euvis ir kulinarija/M\u0117sos ir pauk\u0161tienos gaminiai/Virtos de\u0161rel\u0117s",
                "labelPrice": 2.79,
                "pricePerUnit": 9.96,
                "units": "kg",
                "packageAmount": 1.0,
                "description": null,
                "store": "Maxima",
                "availability": "active",
                "origin": null,
                "components": null,
                "image": "https://cdn.barbora.lt/products/a387c577-4226-4be3-8423-89e15180bb01_s.png"
            },
            {
                "itemName": "S\u016bdyta pjaustyta atlantini\u0173 la\u0161i\u0161\u0173 fil\u0117 FISH PORT, 100 g",
                "itemId": "000000000000772274",
                "itemUrl": "https://barbora.lt/produktai/sudyta-pjaustyta-atlantiniu-lasisu-file-fish-port-100-g",
                "categoryFullPath": "M\u0117sa, \u017euvis ir kulinarija/\u017duv\u0173 gaminiai/La\u0161i\u0161os ir j\u0173 gaminiai",
                "labelPrice": 2.99,
                "pricePerUnit": 29.9,
                "units": "kg",
                "packageAmount": 1.0,
                "description": null,
                "store": "Maxima",
                "availability": "active",
                "origin": null,
                "components": null,
                "image": "https://cdn.barbora.lt/products/ab8a237d-aeff-4f83-99ee-0af4f6323c7a_s.png"
            },
            {
                "itemName": "Vytintas SERRANO kumpis AROSO, 80 g",
                "itemId": "000000000001169163",
                "itemUrl": "https://barbora.lt/produktai/vytintas-serrano-kumpis-aroso-80-g",
                "categoryFullPath": "M\u0117sa, \u017euvis ir kulinarija/M\u0117sos ir pauk\u0161tienos gaminiai/Vytinti m\u0117sos gaminiai",
                "labelPrice": 1.79,
                "pricePerUnit": 22.38,
                "units": "kg",
                "packageAmount": 1.0,
                "description": null,
                "store": "Maxima",
                "availability": "active",
                "origin": null,
                "components": null,
                "image": "https://cdn.barbora.lt/products/e7d45167-de62-4cd9-8817-ad5213e2ee16_s.png"
            },
            {
                "itemName": "Virtos GIMINI\u0172 de\u0161rel\u0117s, a. r., 860 g",
                "itemId": "000000000000983029",
                "itemUrl": "https://barbora.lt/produktai/virtos-giminiu-desreles-a-r-860-g",
                "categoryFullPath": "M\u0117sa, \u017euvis ir kulinarija/M\u0117sos ir pauk\u0161tienos gaminiai/Virtos de\u0161rel\u0117s",
                "labelPrice": 6.99,
                "pricePerUnit": 8.13,
                "units": "kg",
                "packageAmount": 1.0,
                "description": null,
                "store": "Maxima",
                "availability": "active",
                "origin": null,
                "components": null,
                "image": "https://cdn.barbora.lt/products/0ebd401b-c66c-4dd3-bd8a-c068b60156f9_s.png"
            },
            {
                "itemName": "Kepti KIJEVO kotletai su sviestu, 135 g x 2, 270 g",
                "itemId": "000000000001230375",
                "itemUrl": "https://barbora.lt/produktai/kepti-kijevo-kotletai-su-sviestu-135-g-x-2-270-g",
                "categoryFullPath": "M\u0117sa, \u017euvis ir kulinarija/Kulinarija/Pagrindiniai patiekalai ir sriubos",
                "labelPrice": 3.35,
                "pricePerUnit": 12.41,
                "units": "kg",
                "packageAmount": 1.0,
                "description": null,
                "store": "Maxima",
                "availability": "active",
                "origin": null,
                "components": null,
                "image": "https://cdn.barbora.lt/products/afda25d9-6b7e-4a80-982e-cb2dfe660aa1_s.png"
            },
            {
                "itemName": "At\u0161aldytas LIETUVI\u0160KAS jautienos kumpis be kaulo, 1 kg",
                "itemId": "000000000000170169",
                "itemUrl": "https://barbora.lt/produktai/atsaldytas-lietuviskas-jautienos-kumpis-be-kaulo-1-kg",
                "categoryFullPath": "M\u0117sa, \u017euvis ir kulinarija/\u0160vie\u017eia m\u0117sa/Jautiena ",
                "labelPrice": 8.99,
                "pricePerUnit": 8.99,
                "units": "kg",
                "packageAmount": 0.5,
                "description": null,
                "store": "Maxima",
                "availability": "active",
                "origin": null,
                "components": null,
                "image": "https://cdn.barbora.lt/products/b4e72f15-5a6a-4cc8-b322-4572e8187b5b_s.png"
            },
            {
                "itemName": "Vytinta BERN\u0172 de\u0161ra, a. r., 200 g",
                "itemId": "000000000000625267",
                "itemUrl": "https://barbora.lt/produktai/vytinta-bernu-desra-a-r-200-g",
                "categoryFullPath": "M\u0117sa, \u017euvis ir kulinarija/M\u0117sos ir pauk\u0161tienos gaminiai/Vytintos de\u0161ros",
                "labelPrice": 5.49,
                "pricePerUnit": 27.45,
                "units": "kg",
                "packageAmount": 1.0,
                "description": null,
                "store": "Maxima",
                "availability": "active",
                "origin": null,
                "components": null,
                "image": "https://cdn.barbora.lt/products/cac1b107-fa13-4ca9-b302-7b57df9f4723_s.png"
            },
            {
                "itemName": "Virtos r\u016bkytos kiaulienos de\u0161rel\u0117s BERLINKI, II r., 250 g",
                "itemId": "000000000000976823",
                "itemUrl": "https://barbora.lt/produktai/virtos-rukytos-kiaulienos-desreles-berlinki-ii-r-250-g",
                "categoryFullPath": "M\u0117sa, \u017euvis ir kulinarija/M\u0117sos ir pauk\u0161tienos gaminiai/Virtos de\u0161rel\u0117s",
                "labelPrice": 1.99,
                "pricePerUnit": 7.96,
                "units": "kg",
                "packageAmount": 1.0,
                "description": null,
                "store": "Maxima",
                "availability": "active",
                "origin": null,
                "components": null,
                "image": "https://cdn.barbora.lt/products/9af9187d-3801-41f1-90b5-67dbd8ca941f_s.png"
            },
            {
                "itemName": "\u0160altai r\u016bkyti kiaulienos \u0161onin\u0117s kubeliai MORLINY, 200 g",
                "itemId": "000000000001188296",
                "itemUrl": "https://barbora.lt/produktai/saltai-rukyti-kiaulienos-sonines-kubeliai-morliny-200-g",
                "categoryFullPath": "M\u0117sa, \u017euvis ir kulinarija/M\u0117sos ir pauk\u0161tienos gaminiai/\u0160altai r\u016bkyti gaminiai",
                "labelPrice": 1.39,
                "pricePerUnit": 6.95,
                "units": "kg",
                "packageAmount": 1.0,
                "description": null,
                "store": "Maxima",
                "availability": "active",
                "origin": null,
                "components": null,
                "image": "https://cdn.barbora.lt/products/0f764d91-b759-42d7-a482-41592572ec14_s.png"
            },
            {
                "itemName": "Sausai marinuoti LIETUVI\u0160KI kiaulienos sprandin\u0117s kepsneliai, 400 g",
                "itemId": "000000000001299745",
                "itemUrl": "https://barbora.lt/produktai/sausai-marinuoti-lietuviski-kiaulienos-sprandines-kepsneliai-400-g",
                "categoryFullPath": "M\u0117sa, \u017euvis ir kulinarija/\u0160vie\u017eios m\u0117sos ir pauk\u0161tienos pusgaminiai/Marinuota m\u0117sa",
                "labelPrice": 5.99,
                "pricePerUnit": 14.98,
                "units": "kg",
                "packageAmount": 1.0,
                "description": null,
                "store": "Maxima",
                "availability": "active",
                "origin": null,
                "components": null,
                "image": "https://cdn.barbora.lt/products/b7cc9747-5792-4f27-90e3-f0b61b9a6cb5_s.png"
            },
            {
                "itemName": "Smulk. kiaulienos kumpis BIOVELA, rieb. ne daugiau kaip 10 %, 450 g",
                "itemId": "000000000001262228",
                "itemUrl": "https://barbora.lt/produktai/smulk-kiaulienos-kumpis-biovela-rieb-ne-daugiau-kaip-10-proc-450-g",
                "categoryFullPath": "M\u0117sa, \u017euvis ir kulinarija/\u0160vie\u017eia m\u0117sa/Malta m\u0117sa",
                "labelPrice": 3.49,
                "pricePerUnit": 7.76,
                "units": "kg",
                "packageAmount": 1.0,
                "description": null,
                "store": "Maxima",
                "availability": "active",
                "origin": null,
                "components": null,
                "image": "https://cdn.barbora.lt/products/348f1d16-22ba-4eb3-a467-5d5b4ce74b92_s.png"
            },
            {
                "itemName": "MANO \u0161vie\u017eios vi\u0161\u010diuk\u0173 broileri\u0173 blauzdel\u0117s, 1 kg",
                "itemId": "000000000001267740",
                "itemUrl": "https://barbora.lt/produktai/mano-sviezios-visciuku-broileriu-blauzdeles-1-kg",
                "categoryFullPath": "M\u0117sa, \u017euvis ir kulinarija/\u0160vie\u017eia pauk\u0161tiena/Vi\u0161tiena",
                "labelPrice": 2.49,
                "pricePerUnit": 2.49,
                "units": "kg",
                "packageAmount": 0.6,
                "description": null,
                "store": "Maxima",
                "availability": "active",
                "origin": null,
                "components": null,
                "image": "https://cdn.barbora.lt/products/432a2819-16ff-4c31-9744-c574b2974c08_s.png"
            }
        ]
    }
]